Gmt time,Ask,Bid,AskVolume,BidVolume
05.05.2003 00:00:05.536,1.1217700000000002,1.12161,35700000.7629,14399999.6185
05.05.2003 00:00:06.561,1.12182,1.12166,600000.0238,800000.0119
05.05.2003 00:00:14.085,1.1218299999999999,1.12163,60500000,800000.0119
05.05.2003 00:00:14.420,1.1218299999999999,1.12173,699999.9881,16000000
05.05.2003 00:00:15.110,1.1219000000000001,1.1217000000000001,33500000,14899999.6185
05.05.2003 00:00:15.445,1.12192,1.12182,14800000.1907,5000000
05.05.2003 00:00:29.536,1.1219000000000001,1.12175,24700000.7629,7000000
05.05.2003 00:00:30.561,1.122,1.12185,23200000.7629,49799999.2371
05.05.2003 00:00:31.687,1.12196,1.12176,800000.0119,18000000
05.05.2003 00:00:32.712,1.1220700000000001,1.1218700000000001,600000.0238,23100000.3815
05.05.2003 00:00:46.607,1.12199,1.12184,899999.9762,4699999.8093
05.05.2003 00:00:47.632,1.12209,1.12194,2400000.0954,13600000.3815
05.05.2003 00:00:49.880,1.12206,1.1219100000000002,71800003.0518,899999.9762
05.05.2003 00:00:50.905,1.12214,1.12199,19200000.7629,62799999.2371
05.05.2003 00:00:55.189,1.1220700000000001,1.1220100000000002,800000.0119,4800000.1907
05.05.2003 00:00:56.214,1.12215,1.12209,29299999.2371,21500000
05.05.2003 00:01:01.718,1.1222200000000002,1.12206,4800000.1907,100800003.0518
05.05.2003 00:01:02.960,1.12227,1.1221100000000002,500000,69800003.0518
05.05.2003 00:01:07.415,1.1222100000000002,1.12216,50900001.5259,2400000.0954
05.05.2003 00:01:07.514,1.12233,1.12213,800000.0119,32700000.7629
05.05.2003 00:01:08.657,1.12229,1.1222400000000001,12800000.1907,49500000
05.05.2003 00:01:08.756,1.1224100000000001,1.1222100000000002,29500000,31500000
05.05.2003 00:01:08.854,1.12228,1.12218,44500000,19799999.2371
05.05.2003 00:01:09.670,1.12229,1.12219,4000000,75599998.4741
05.05.2003 00:01:10.096,1.1224,1.1223,21600000.3815,28700000.7629
05.05.2003 00:01:10.912,1.12245,1.12235,6400000.0954,61299999.2371
05.05.2003 00:01:16.054,1.12235,1.12215,46900001.5259,800000.0119
05.05.2003 00:01:17.296,1.1225500000000002,1.12235,14399999.6185,40700000.7629
05.05.2003 00:01:21.263,1.1223100000000001,1.1222100000000002,51200000.7629,4800000.1907
05.05.2003 00:01:22.505,1.12253,1.12243,7699999.8093,43099998.4741
05.05.2003 00:01:26.591,1.1223400000000001,1.1222400000000001,800000.0119,64500000
05.05.2003 00:01:27.833,1.12254,1.12244,4800000.1907,56200000.7629
05.05.2003 00:01:31.724,1.1224,1.1223,600000.0238,8800000.1907
05.05.2003 00:01:32.966,1.1225500000000002,1.12245,46099998.4741,4099999.9046
05.05.2003 00:01:44.773,1.12249,1.1223400000000001,800000.0119,42000000
05.05.2003 00:01:46.015,1.12259,1.12244,44700000.7629,3700000.0477
05.05.2003 00:01:52.619,1.12248,1.1224200000000002,899999.9762,60799999.2371
05.05.2003 00:01:53.861,1.12256,1.1225,38299999.2371,13000000
05.05.2003 00:02:03.452,1.12253,1.12238,18399999.6185,28700000.7629
05.05.2003 00:02:03.628,1.1226200000000002,1.12247,4000000,87500000
05.05.2003 00:02:12.005,1.1225200000000002,1.1223200000000002,2400000.0954,30899999.6185
05.05.2003 00:02:12.123,1.12247,1.1223200000000002,15699999.8093,35200000.7629
05.05.2003 00:02:12.181,1.1226200000000002,1.1224200000000002,44700000.7629,26399999.6185
05.05.2003 00:02:12.299,1.12258,1.12243,29299999.2371,5800000.1907
05.05.2003 00:02:35.850,1.12246,1.1223100000000001,38299999.2371,17600000.3815
05.05.2003 00:02:36.026,1.12257,1.1224200000000002,36700000.7629,26500000
05.05.2003 00:02:36.266,1.12243,1.12233,16799999.2371,34000000
05.05.2003 00:02:36.442,1.12253,1.12243,8800000.1907,80000000
05.05.2003 00:02:40.470,1.1224200000000002,1.1223200000000002,2400000.0954,8800000.1907
05.05.2003 00:02:40.646,1.1225200000000002,1.1224200000000002,35099998.4741,20000000
05.05.2003 00:02:44.110,1.1224,1.1223,33599998.4741,25500000
05.05.2003 00:02:44.286,1.12248,1.12238,39900001.5259,500000
05.05.2003 00:02:51.688,1.1224,1.12225,9199999.8093,7800000.1907
05.05.2003 00:02:51.864,1.12246,1.1223100000000001,699999.9881,60700000.7629
05.05.2003 00:03:00.788,1.12233,1.12223,20799999.2371,31700000.7629
05.05.2003 00:03:01.429,1.1224,1.1223,45900001.5259,97500000
05.05.2003 00:03:01.584,1.12236,1.12216,11199999.8093,72099998.4741
05.05.2003 00:03:02.225,1.12243,1.12223,30100000.3815,20700000.7629
05.05.2003 00:03:02.871,1.12229,1.12219,30000000,1600000.0238
05.05.2003 00:03:03.512,1.12237,1.12227,4800000.1907,27100000.3815
05.05.2003 00:03:18.206,1.12228,1.12218,51700000.7629,27200000.7629
05.05.2003 00:03:18.420,1.12228,1.12218,21500000,40500000
05.05.2003 00:03:18.847,1.12236,1.12226,1600000.0238,800000.0119
05.05.2003 00:03:19.061,1.12235,1.12225,12800000.1907,56400001.5259
05.05.2003 00:03:27.624,1.1223100000000001,1.12216,43099998.4741,102800003.0518
05.05.2003 00:03:28.265,1.12236,1.1222100000000002,14399999.6185,10600000.3815
05.05.2003 00:03:39.442,1.12229,1.12219,31899999.6185,46900001.5259
05.05.2003 00:03:40.083,1.12235,1.12225,16799999.2371,28500000
05.05.2003 00:03:41.152,1.12228,1.1222400000000001,32700000.7629,56400001.5259
05.05.2003 00:03:41.793,1.12233,1.12229,3700000.0477,43099998.4741
05.05.2003 00:03:43.499,1.1223200000000002,1.1222200000000002,8800000.1907,55599998.4741
05.05.2003 00:03:44.140,1.12237,1.12227,20500000,23899999.6185
05.05.2003 00:03:51.150,1.1223400000000001,1.1222400000000001,35700000.7629,1600000.0238
05.05.2003 00:03:51.791,1.12239,1.12229,31700000.7629,23299999.2371
05.05.2003 00:04:00.790,1.1223400000000001,1.1222,22799999.2371,72199996.9482
05.05.2003 00:04:01.466,1.1224200000000002,1.12228,23200000.7629,24700000.7629
05.05.2003 00:04:05.529,1.1223200000000002,1.1222200000000002,19700000.7629,30000000
05.05.2003 00:04:06.205,1.1224100000000001,1.1223100000000001,20799999.2371,53500000
05.05.2003 00:04:07.115,1.1223100000000001,1.12225,4000000,24700000.7629
05.05.2003 00:04:07.791,1.1224,1.12235,600000.0238,600000.0238
05.05.2003 00:04:08.897,1.12238,1.12223,48500000,103199996.9482
05.05.2003 00:04:09.573,1.12246,1.1223100000000001,29600000.3815,800000.0119
05.05.2003 00:04:29.447,1.12243,1.12223,71599998.4741,72300003.0518
05.05.2003 00:04:30.123,1.12248,1.12228,89699996.9482,36700000.7629
05.05.2003 00:04:37.828,1.12239,1.12229,19700000.7629,73800003.0518
05.05.2003 00:04:38.504,1.1224200000000002,1.1223200000000002,60500000,12800000.1907
05.05.2003 00:04:42.417,1.1224,1.1222400000000001,67900001.5259,45400001.5259
05.05.2003 00:04:42.654,1.1224100000000001,1.1222100000000002,22899999.6185,27899999.6185
05.05.2003 00:04:43.093,1.12243,1.12227,25600000.3815,31799999.2371
05.05.2003 00:04:43.330,1.12244,1.1222400000000001,24799999.2371,24700000.7629
05.05.2003 00:04:57.381,1.1223400000000001,1.1222400000000001,9600000.3815,67199996.9482
05.05.2003 00:04:58.057,1.12237,1.12227,800000.0119,87099998.4741
05.05.2003 00:05:05.160,1.1223100000000001,1.12215,40700000.7629,17299999.2371
05.05.2003 00:05:05.874,1.12239,1.12223,19700000.7629,31899999.6185
05.05.2003 00:05:05.939,1.12229,1.12219,28399999.6185,22899999.6185
05.05.2003 00:05:06.653,1.12235,1.12225,64699996.9482,10000000
05.05.2003 00:05:21.158,1.1223100000000001,1.1222100000000002,2400000.0954,22899999.6185
05.05.2003 00:05:21.351,1.12236,1.12216,18399999.6185,24700000.7629
05.05.2003 00:05:21.872,1.12233,1.12223,500000,14699999.8093
05.05.2003 00:05:22.065,1.12237,1.1221700000000001,5000000,73300003.0518
05.05.2003 00:05:23.444,1.12229,1.12219,5000000,98000000
05.05.2003 00:05:24.158,1.1223200000000002,1.1222200000000002,28000000,46500000
05.05.2003 00:05:26.783,1.12229,1.12214,16000000,37599998.4741
05.05.2003 00:05:27.497,1.12236,1.1222100000000002,899999.9762,26200000.7629
05.05.2003 00:05:36.959,1.12223,1.12219,13300000.1907,36700000.7629
05.05.2003 00:05:37.673,1.1223200000000002,1.12228,46299999.2371,4800000.1907
05.05.2003 00:05:42.292,1.12229,1.12219,45700000.7629,13100000.3815
05.05.2003 00:05:43.006,1.12236,1.12226,7699999.8093,49500000
05.05.2003 00:05:44.799,1.1223100000000001,1.1222100000000002,51500000,15000000
05.05.2003 00:05:45.298,1.12235,1.1222,500000,36700000.7629
05.05.2003 00:05:45.513,1.12237,1.12227,12800000.1907,72300003.0518
05.05.2003 00:05:46.012,1.1224100000000001,1.12226,43900001.5259,27799999.2371
05.05.2003 00:05:54.822,1.12233,1.12223,27600000.3815,30500000
05.05.2003 00:05:55.536,1.1224,1.1223,28700000.7629,24799999.2371
05.05.2003 00:06:03.534,1.12239,1.12219,8000000,24899999.6185
05.05.2003 00:06:08.804,1.12237,1.1222200000000002,32700000.7629,13100000.3815
05.05.2003 00:06:09.253,1.12238,1.12223,800000.0119,4500000
05.05.2003 00:06:10.098,1.12244,1.12229,4800000.1907,49500000
05.05.2003 00:06:10.547,1.12245,1.1223,600000.0238,699999.9881
05.05.2003 00:06:17.000,1.12235,1.12225,2400000.0954,103699996.9482
05.05.2003 00:06:18.294,1.1224100000000001,1.1223100000000001,8800000.1907,43799999.2371
05.05.2003 00:06:23.396,1.1224100000000001,1.1222100000000002,52400001.5259,7199999.8093
05.05.2003 00:06:24.690,1.12244,1.1222400000000001,46299999.2371,800000.0119
05.05.2003 00:06:32.658,1.12239,1.1222400000000001,48299999.2371,12000000
05.05.2003 00:06:38.739,1.12236,1.1222100000000002,6500000,88000000
05.05.2003 00:06:45.608,1.1223,1.1222400000000001,37500000,20000000
05.05.2003 00:07:17.300,1.12236,1.1223,8800000.1907,66199996.9482
05.05.2003 00:07:17.645,1.1223100000000001,1.12225,51900001.5259,3700000.0477
05.05.2003 00:07:20.472,1.12239,1.12229,59900001.5259,93400001.5259
05.05.2003 00:07:20.817,1.1223200000000002,1.1222200000000002,31100000.3815,3099999.9046
05.05.2003 00:07:22.264,1.12245,1.12225,50900001.5259,5599999.9046
05.05.2003 00:07:22.609,1.12237,1.1221700000000001,66099998.4741,77500000
05.05.2003 00:07:25.226,1.12246,1.12226,46799999.2371,15000000
05.05.2003 00:07:25.571,1.12239,1.12219,6900000.0954,69900001.5259
05.05.2003 00:07:31.375,1.1224200000000002,1.1223200000000002,45299999.2371,4800000.1907
05.05.2003 00:07:31.720,1.12235,1.12225,53299999.2371,73599998.4741
05.05.2003 00:08:01.278,1.12239,1.12229,10399999.6185,600000.0238
05.05.2003 00:08:02.337,1.12243,1.12233,17600000.3815,46599998.4741
05.05.2003 00:08:13.130,1.12237,1.1223200000000002,2400000.0954,67900001.5259
05.05.2003 00:08:14.189,1.1224200000000002,1.12237,39599998.4741,28299999.2371
05.05.2003 00:08:16.092,1.1224200000000002,1.12228,4000000,10699999.8093
05.05.2003 00:08:17.151,1.12248,1.12233,39099998.4741,800000.0119
05.05.2003 00:08:33.368,1.1224100000000001,1.1223100000000001,22399999.6185,20700000.7629
05.05.2003 00:08:34.427,1.12247,1.12237,9600000.3815,39700000.7629
05.05.2003 00:08:43.223,1.12246,1.12226,8800000.1907,68900001.5259
05.05.2003 00:08:44.282,1.12253,1.12233,1000000,45599998.4741
05.05.2003 00:08:56.962,1.1224200000000002,1.1223200000000002,2400000.0954,800000.0119
05.05.2003 00:08:58.021,1.12248,1.12238,4000000,46099998.4741
05.05.2003 00:09:00.242,1.12239,1.12229,12000000,800000.0119
05.05.2003 00:09:00.560,1.12237,1.1222200000000002,899999.9762,12800000.1907
05.05.2003 00:09:01.095,1.12246,1.12236,28700000.7629,33900001.5259
05.05.2003 00:09:01.413,1.12247,1.1223200000000002,24700000.7629,1399999.9762
05.05.2003 00:09:06.680,1.12233,1.12218,43900001.5259,16000000
05.05.2003 00:09:07.533,1.12246,1.1223100000000001,500000,86699996.9482
05.05.2003 00:09:08.387,1.1223200000000002,1.12216,25399999.6185,21600000.3815
05.05.2003 00:09:09.240,1.12244,1.12229,500000,60599998.4741
05.05.2003 00:09:12.007,1.1223,1.1222,16000000,70000000
05.05.2003 00:09:12.860,1.12239,1.12229,59900001.5259,10100000.3815
05.05.2003 00:09:16.332,1.1223100000000001,1.1222100000000002,40500000,800000.0119
05.05.2003 00:09:17.185,1.12235,1.12225,25100000.3815,25600000.3815
05.05.2003 00:09:43.288,1.12233,1.1221700000000001,899999.9762,43700000.7629
05.05.2003 00:09:44.141,1.12235,1.12219,600000.0238,43099998.4741
05.05.2003 00:09:46.229,1.12228,1.12218,800000.0119,800000.0119
05.05.2003 00:09:47.082,1.1223100000000001,1.1222100000000002,50700000.7629,4800000.1907
05.05.2003 00:09:49.561,1.12227,1.1221700000000001,40500000,4800000.1907
05.05.2003 00:09:50.414,1.1223,1.1222,15699999.8093,39200000.7629
05.05.2003 00:10:01.064,1.12223,1.12218,8800000.1907,28700000.7629
05.05.2003 00:10:01.258,1.12226,1.1222100000000002,41599998.4741,1100000.0238
05.05.2003 00:10:03.553,1.1222200000000002,1.1221700000000001,8800000.1907,43099998.4741
05.05.2003 00:10:03.747,1.12228,1.12223,36700000.7629,47500000
05.05.2003 00:10:10.405,1.12228,1.12208,98500000,44799999.2371
05.05.2003 00:10:10.599,1.12237,1.1221700000000001,18100000.3815,34599998.4741
05.05.2003 00:10:17.747,1.12227,1.1221100000000002,39099998.4741,30000000
05.05.2003 00:10:17.941,1.12236,1.1222,899999.9762,3700000.0477
05.05.2003 00:10:33.106,1.12228,1.12218,6400000.0954,61299999.2371
05.05.2003 00:10:33.300,1.12236,1.12226,600000.0238,40700000.7629
05.05.2003 00:10:35.712,1.12237,1.1221700000000001,43900001.5259,27799999.2371
05.05.2003 00:10:35.906,1.12245,1.12225,46900001.5259,76699996.9482
05.05.2003 00:10:53.703,1.12239,1.1222400000000001,36700000.7629,146199996.9482
05.05.2003 00:10:53.897,1.12247,1.1223200000000002,67900001.5259,45400001.5259
05.05.2003 00:10:55.449,1.12239,1.12229,22399999.6185,48099998.4741
05.05.2003 00:10:55.643,1.12246,1.12236,51200000.7629,4800000.1907
05.05.2003 00:11:18.968,1.1224200000000002,1.1223200000000002,40700000.7629,37799999.2371
05.05.2003 00:11:20.395,1.12247,1.12237,12800000.1907,10800000.1907
05.05.2003 00:11:23.796,1.1224200000000002,1.1223200000000002,32799999.2371,28700000.7629
05.05.2003 00:11:25.223,1.12249,1.12239,8000000,9899999.6185
05.05.2003 00:11:26.024,1.1224100000000001,1.1223100000000001,36599998.4741,600000.0238
05.05.2003 00:11:27.451,1.12248,1.12238,51900001.5259,3700000.0477
05.05.2003 00:11:36.683,1.12238,1.12228,83099998.4741,11500000
05.05.2003 00:11:38.110,1.12246,1.12236,4000000,37099998.4741
05.05.2003 00:11:42.369,1.12238,1.1222400000000001,48700000.7629,30200000.7629
05.05.2003 00:11:42.529,1.12237,1.1222200000000002,27700000.7629,24700000.7629
05.05.2003 00:11:43.796,1.12247,1.12233,44700000.7629,4800000.1907
05.05.2003 00:11:43.956,1.12246,1.1223100000000001,31600000.3815,32700000.7629
05.05.2003 00:11:47.926,1.12237,1.1222100000000002,2400000.0954,1200000.0477
05.05.2003 00:11:49.353,1.12243,1.12227,46500000,20799999.2371
05.05.2003 00:12:06.175,1.12229,1.12214,800000.0119,500000
05.05.2003 00:12:06.547,1.12238,1.12223,28700000.7629,600000.0238
05.05.2003 00:12:14.142,1.12225,1.12215,43099998.4741,16299999.2371
05.05.2003 00:12:14.514,1.1223400000000001,1.1222400000000001,50400001.5259,120400001.5259
05.05.2003 00:12:20.061,1.12225,1.12215,75699996.9482,44599998.4741
05.05.2003 00:12:20.433,1.1223100000000001,1.1222100000000002,33500000,3400000.0954
05.05.2003 00:12:22.016,1.12228,1.12213,899999.9762,800000.0119
05.05.2003 00:12:22.388,1.1223100000000001,1.12216,12800000.1907,51200000.7629
05.05.2003 00:12:25.387,1.1222400000000001,1.12214,67099998.4741,8800000.1907
05.05.2003 00:12:25.759,1.12223,1.12213,4800000.1907,42299999.2371
05.05.2003 00:12:38.772,1.1221700000000001,1.1220700000000001,82300003.0518,4000000
05.05.2003 00:12:39.144,1.12218,1.12208,47099998.4741,14800000.1907
05.05.2003 00:12:47.104,1.12208,1.12203,1200000.0477,24700000.7629
05.05.2003 00:12:47.476,1.1221100000000002,1.12206,19700000.7629,39900001.5259
05.05.2003 00:12:54.604,1.12206,1.12196,500000,38000000
05.05.2003 00:12:54.976,1.12206,1.12196,800000.0119,800000.0119
05.05.2003 00:13:01.382,1.12189,1.12169,8800000.1907,63400001.5259
05.05.2003 00:13:01.709,1.12202,1.12182,600000.0238,23600000.3815
05.05.2003 00:13:05.867,1.12178,1.12168,53900001.5259,10000000
05.05.2003 00:13:06.194,1.12188,1.12178,28700000.7629,33400001.5259
05.05.2003 00:13:19.160,1.12173,1.12158,38099998.4741,14399999.6185
05.05.2003 00:13:19.487,1.1218000000000001,1.12165,4000000,51900001.5259
05.05.2003 00:13:21.189,1.1217000000000001,1.12154,42099998.4741,16799999.2371
05.05.2003 00:13:21.516,1.12171,1.12155,899999.9762,15899999.6185
05.05.2003 00:13:23.689,1.12169,1.12159,2000000,2099999.9046
05.05.2003 00:13:24.016,1.12166,1.1215600000000001,40500000,4800000.1907
05.05.2003 00:13:24.893,1.12173,1.12163,27700000.7629,5599999.9046
05.05.2003 00:13:25.220,1.12176,1.12166,25899999.6185,4800000.1907
05.05.2003 00:13:29.692,1.12182,1.1216700000000002,40700000.7629,37799999.2371
05.05.2003 00:13:30.019,1.12189,1.12174,69800003.0518,39200000.7629
05.05.2003 00:13:48.329,1.12188,1.12168,600000.0238,800000.0119
05.05.2003 00:13:48.656,1.12202,1.12182,26000000,30000000
05.05.2003 00:14:06.846,1.12205,1.12195,27100000.3815,25700000.7629
05.05.2003 00:14:07.120,1.1220700000000001,1.1219700000000001,39900001.5259,101500000
05.05.2003 00:14:11.814,1.12214,1.12194,4800000.1907,61799999.2371
05.05.2003 00:14:12.088,1.1222,1.122,61700000.7629,4000000
05.05.2003 00:14:22.752,1.1221700000000001,1.1220100000000002,4000000,3000000
05.05.2003 00:14:23.026,1.12225,1.12209,21700000.7629,28700000.7629
05.05.2003 00:14:26.622,1.1222100000000002,1.12206,13600000.3815,41500000
05.05.2003 00:14:26.896,1.12229,1.12214,12000000,55200000.7629
05.05.2003 00:14:45.263,1.1222200000000002,1.1221200000000002,26399999.6185,27299999.2371
05.05.2003 00:14:45.537,1.1223,1.1222,61500000,16000000
05.05.2003 00:15:11.747,1.12228,1.1221200000000002,14399999.6185,37599998.4741
05.05.2003 00:15:12.396,1.12236,1.1222,10399999.6185,46500000
05.05.2003 00:15:21.459,1.12226,1.12216,53599998.4741,89599998.4741
05.05.2003 00:15:22.108,1.12235,1.12225,5500000,10000000
05.05.2003 00:15:31.387,1.12225,1.12219,42299999.2371,104699996.9482
05.05.2003 00:15:31.555,1.12229,1.12219,33500000,14899999.6185
05.05.2003 00:15:32.036,1.1223400000000001,1.12228,24799999.2371,19899999.6185
05.05.2003 00:15:32.204,1.12237,1.12227,54099998.4741,4800000.1907
05.05.2003 00:15:41.925,1.1223,1.1222,800000.0119,64500000
05.05.2003 00:15:42.574,1.12238,1.12228,47099998.4741,32599998.4741
05.05.2003 00:16:39.512,1.1223100000000001,1.1222100000000002,17500000,59599998.4741
05.05.2003 00:16:40.932,1.12236,1.12226,51599998.4741,78300003.0518
05.05.2003 00:16:47.852,1.1223200000000002,1.1221700000000001,12100000.3815,1700000.0477
05.05.2003 00:16:49.272,1.12238,1.12223,2400000.0954,116300003.0518
05.05.2003 00:16:49.512,1.12229,1.12219,8800000.1907,58400001.5259
05.05.2003 00:16:50.932,1.12237,1.12227,9600000.3815,55500000
05.05.2003 00:16:56.602,1.12233,1.12218,13600000.3815,30200000.7629
05.05.2003 00:16:57.379,1.12235,1.12219,35900001.5259,15199999.8093
05.05.2003 00:16:58.022,1.1224100000000001,1.12226,16799999.2371,64000000
05.05.2003 00:16:58.799,1.12243,1.12227,43099998.4741,14699999.8093
05.05.2003 00:17:12.716,1.12235,1.12225,15699999.8093,42900001.5259
05.05.2003 00:17:12.822,1.1224200000000002,1.1223200000000002,14399999.6185,25600000.3815
05.05.2003 00:17:15.755,1.12236,1.1222100000000002,39099998.4741,7699999.8093
05.05.2003 00:17:15.861,1.12243,1.12228,800000.0119,36700000.7629
05.05.2003 00:17:27.449,1.12236,1.12216,13600000.3815,30200000.7629
05.05.2003 00:17:27.555,1.12244,1.1222400000000001,800000.0119,60000000
05.05.2003 00:17:27.983,1.12229,1.12219,8800000.1907,49200000.7629
05.05.2003 00:17:28.089,1.12237,1.12227,29500000,20700000.7629
05.05.2003 00:17:28.730,1.12228,1.12218,899999.9762,899999.9762
05.05.2003 00:17:28.836,1.12236,1.12226,42099998.4741,800000.0119
05.05.2003 00:17:30.293,1.1223400000000001,1.12214,600000.0238,42200000.7629
05.05.2003 00:17:30.399,1.1224,1.1222,5000000,3500000
05.05.2003 00:17:30.946,1.12229,1.12219,32000000,24700000.7629
05.05.2003 00:17:31.052,1.12235,1.12225,600000.0238,56599998.4741
05.05.2003 00:17:33.724,1.12229,1.12219,104599998.4741,65300003.0518
05.05.2003 00:17:33.830,1.12236,1.12226,40700000.7629,15899999.6185
05.05.2003 00:17:47.861,1.1223,1.1222,800000.0119,68599998.4741
05.05.2003 00:17:47.967,1.12238,1.12228,31200000.7629,20700000.7629
05.05.2003 00:17:52.606,1.1223200000000002,1.1222200000000002,65300003.0518,800000.0119
05.05.2003 00:17:52.712,1.12237,1.12227,36700000.7629,12800000.1907
05.05.2003 00:17:58.311,1.12233,1.12223,53099998.4741,4800000.1907
05.05.2003 00:17:58.417,1.12239,1.12229,16000000,74699996.9482
05.05.2003 00:18:16.780,1.12238,1.1223200000000002,104500000,8000000
05.05.2003 00:18:17.068,1.1224,1.1222400000000001,44700000.7629,43200000.7629
05.05.2003 00:18:17.215,1.1223400000000001,1.12228,28700000.7629,47599998.4741
05.05.2003 00:18:29.292,1.12244,1.12229,25500000,21600000.3815
05.05.2003 00:18:29.727,1.12236,1.1222200000000002,43099998.4741,11699999.8093
05.05.2003 00:18:37.954,1.12246,1.1223100000000001,26399999.6185,27299999.2371
05.05.2003 00:18:38.014,1.1225,1.1223,67900001.5259,95099998.4741
05.05.2003 00:18:38.389,1.12239,1.1222400000000001,39900001.5259,24700000.7629
05.05.2003 00:18:38.449,1.12243,1.12223,24799999.2371,19200000.7629
05.05.2003 00:18:39.849,1.12246,1.12236,8800000.1907,65400001.5259
05.05.2003 00:18:40.284,1.12239,1.12229,29500000,19700000.7629
05.05.2003 00:19:00.212,1.1225,1.12235,21700000.7629,28700000.7629
05.05.2003 00:19:02.781,1.12249,1.12239,36500000,7199999.8093
05.05.2003 00:19:03.068,1.1224,1.1223,8800000.1907,33900001.5259
05.05.2003 00:19:19.776,1.1225100000000001,1.1224100000000001,34099998.4741,2799999.9523
05.05.2003 00:19:20.063,1.1224100000000001,1.1223100000000001,27899999.6185,29600000.3815
05.05.2003 00:19:31.433,1.12254,1.12239,71900001.5259,76900001.5259
05.05.2003 00:19:31.720,1.12245,1.1223,899999.9762,21200000.7629
05.05.2003 00:19:32.179,1.12256,1.12236,1200000.0477,800000.0119
05.05.2003 00:19:32.466,1.12248,1.12228,19700000.7629,39900001.5259
05.05.2003 00:19:43.196,1.12249,1.12239,8800000.1907,33500000
05.05.2003 00:19:43.483,1.12243,1.12233,24000000,39000000
05.05.2003 00:19:44.431,1.12245,1.1224,12800000.1907,35099998.4741
05.05.2003 00:19:44.718,1.12239,1.1223400000000001,26399999.6185,47599998.4741
05.05.2003 00:19:48.058,1.12249,1.1223400000000001,17600000.3815,28000000
05.05.2003 00:19:48.345,1.1224100000000001,1.12226,12000000,8000000
05.05.2003 00:19:56.484,1.1225,1.1223,1200000.0477,21500000
05.05.2003 00:19:56.771,1.1224200000000002,1.1222200000000002,61299999.2371,4800000.1907
05.05.2003 00:20:00.457,1.1223400000000001,1.1223,52099998.4741,106699996.9482
05.05.2003 00:20:00.833,1.12239,1.12235,71900001.5259,6099999.9046
05.05.2003 00:20:09.320,1.12238,1.12218,699999.9881,47099998.4741
05.05.2003 00:20:09.696,1.12246,1.12226,32700000.7629,28299999.2371
05.05.2003 00:20:15.182,1.12236,1.12216,800000.0119,45500000
05.05.2003 00:20:15.558,1.12245,1.12225,79099998.4741,11500000
05.05.2003 00:20:25.994,1.12235,1.12215,14899999.6185,45400001.5259
05.05.2003 00:20:26.370,1.12244,1.1222400000000001,4000000,55599998.4741
05.05.2003 00:20:39.414,1.1223200000000002,1.1221700000000001,8000000,62099998.4741
05.05.2003 00:20:39.790,1.1224,1.12225,52000000,88900001.5259
05.05.2003 00:20:48.361,1.12235,1.12215,19200000.7629,32700000.7629
05.05.2003 00:20:48.737,1.12245,1.12225,800000.0119,40700000.7629
05.05.2003 00:20:52.628,1.12236,1.12216,40700000.7629,46000000
05.05.2003 00:20:53.004,1.12246,1.12226,12500000,43200000.7629
05.05.2003 00:21:12.227,1.1224,1.1223400000000001,81300003.0518,19899999.6185
05.05.2003 00:21:12.249,1.12237,1.1223100000000001,18399999.6185,41500000
05.05.2003 00:21:17.353,1.12243,1.12233,800000.0119,31700000.7629
05.05.2003 00:21:17.375,1.1224100000000001,1.1223100000000001,12000000,4500000
05.05.2003 00:21:18.857,1.12246,1.12236,12000000,17399999.6185
05.05.2003 00:21:18.879,1.12239,1.12229,105199996.9482,20500000
05.05.2003 00:21:24.414,1.1225100000000001,1.1224100000000001,17600000.3815,28700000.7629
05.05.2003 00:21:24.436,1.1224100000000001,1.1223100000000001,1600000.0238,31899999.6185
05.05.2003 00:21:30.126,1.12256,1.12246,39900001.5259,8000000
05.05.2003 00:21:30.148,1.12244,1.1223400000000001,20799999.2371,31700000.7629
05.05.2003 00:21:30.342,1.12261,1.1224100000000001,12800000.1907,71599998.4741
05.05.2003 00:21:30.364,1.1225100000000001,1.1223100000000001,77099998.4741,26899999.6185
05.05.2003 00:21:37.908,1.1226200000000002,1.1224200000000002,16799999.2371,43599998.4741
05.05.2003 00:21:37.930,1.12253,1.12233,13600000.3815,36700000.7629
05.05.2003 00:21:52.996,1.1226,1.12246,41900001.5259,23600000.3815
05.05.2003 00:21:53.018,1.1225100000000001,1.12237,70300003.0518,77900001.5259
05.05.2003 00:21:53.887,1.12259,1.12249,4000000,4000000
05.05.2003 00:21:53.909,1.1225,1.1224,12800000.1907,71000000
05.05.2003 00:21:56.333,1.1226,1.1225,4000000,8800000.1907
05.05.2003 00:21:56.355,1.12253,1.12243,41500000,9100000.3815
05.05.2003 00:22:00.739,1.1225200000000002,1.12246,4000000,4000000
05.05.2003 00:22:01.180,1.12257,1.1225100000000001,18399999.6185,800000.0119
05.05.2003 00:22:13.077,1.12249,1.12244,30899999.6185,1000000
05.05.2003 00:22:13.518,1.12256,1.1225100000000001,39099998.4741,18200000.7629
05.05.2003 00:22:15.399,1.12249,1.12239,53299999.2371,10399999.6185
05.05.2003 00:22:15.840,1.12257,1.12247,8800000.1907,86199996.9482
05.05.2003 00:22:22.404,1.1225500000000002,1.1223100000000001,56700000.7629,17600000.3815
05.05.2003 00:22:22.845,1.12263,1.12238,13600000.3815,36700000.7629
05.05.2003 00:22:23.884,1.12245,1.12239,50299999.2371,800000.0119
05.05.2003 00:22:24.325,1.1225200000000002,1.12247,800000.0119,63299999.2371
05.05.2003 00:22:25.912,1.12249,1.12239,40200000.7629,88300003.0518
05.05.2003 00:22:26.353,1.12256,1.12246,8800000.1907,41000000
05.05.2003 00:22:31.071,1.1225100000000001,1.1224100000000001,39099998.4741,15699999.8093
05.05.2003 00:22:31.512,1.12257,1.12247,25200000.7629,46599998.4741
05.05.2003 00:22:37.210,1.1225200000000002,1.1224200000000002,1200000.0477,31700000.7629
05.05.2003 00:22:37.651,1.12259,1.12249,44299999.2371,36500000
05.05.2003 00:22:38.835,1.12256,1.1224100000000001,600000.0238,4800000.1907
05.05.2003 00:22:39.276,1.12263,1.12248,16799999.2371,59799999.2371
05.05.2003 00:22:48.167,1.1225500000000002,1.12245,11199999.8093,44299999.2371
05.05.2003 00:22:48.608,1.1226200000000002,1.1225200000000002,67500000,30899999.6185
05.05.2003 00:22:49.383,1.12256,1.12246,6300000.1907,43700000.7629
05.05.2003 00:22:49.824,1.12263,1.12253,4800000.1907,65800003.0518
05.05.2003 00:23:05.456,1.1226,1.1225,800000.0119,107900001.5259
05.05.2003 00:23:05.761,1.12264,1.12254,2400000.0954,76199996.9482
05.05.2003 00:23:07.679,1.12259,1.12254,36700000.7629,35500000
05.05.2003 00:23:07.984,1.12263,1.12258,42099998.4741,9500000
05.05.2003 00:23:11.935,1.1226,1.1225,94199996.9482,1500000
05.05.2003 00:23:12.240,1.12263,1.12253,62900001.5259,12800000.1907
05.05.2003 00:23:23.650,1.12257,1.1225100000000001,41500000,8800000.1907
05.05.2003 00:23:23.955,1.1226,1.12254,1500000,13699999.8093
05.05.2003 00:23:29.657,1.12257,1.12247,60700000.7629,10000000
05.05.2003 00:23:29.962,1.12261,1.1225100000000001,12800000.1907,49500000
05.05.2003 00:23:34.854,1.12256,1.12246,113599998.4741,7099999.9046
05.05.2003 00:23:35.159,1.1226,1.1225,800000.0119,51700000.7629
05.05.2003 00:24:02.470,1.1225200000000002,1.12248,500000,15699999.8093
05.05.2003 00:24:02.717,1.12256,1.1225200000000002,4800000.1907,61099998.4741
05.05.2003 00:24:07.008,1.1225200000000002,1.1224200000000002,4000000,3000000
05.05.2003 00:24:07.255,1.12257,1.12247,800000.0119,110199996.9482
05.05.2003 00:24:10.464,1.12253,1.12237,7699999.8093,41200000.7629
05.05.2003 00:24:10.711,1.12258,1.12243,13600000.3815,2400000.0954
05.05.2003 00:24:19.987,1.1225,1.1224,58299999.2371,4800000.1907
05.05.2003 00:24:20.234,1.12254,1.12244,12000000,57799999.2371
05.05.2003 00:24:37.562,1.1225,1.1224,800000.0119,46000000
05.05.2003 00:24:37.809,1.12253,1.12243,43099998.4741,103599998.4741
05.05.2003 00:24:53.269,1.12247,1.12243,48900001.5259,12000000
05.05.2003 00:24:53.516,1.12249,1.12245,800000.0119,2400000.0954
05.05.2003 00:25:02.553,1.12246,1.12236,699999.9881,94099998.4741
05.05.2003 00:25:02.917,1.12247,1.1223200000000002,71500000,84800003.0518
05.05.2003 00:25:03.380,1.12253,1.12243,19200000.7629,5400000.0954
05.05.2003 00:25:03.744,1.12257,1.1224200000000002,1200000.0477,80599998.4741
05.05.2003 00:25:04.162,1.12249,1.12229,21600000.3815,20100000.3815
05.05.2003 00:25:04.989,1.12259,1.12239,47799999.2371,4800000.1907
05.05.2003 00:25:25.299,1.12248,1.12228,23100000.3815,32400001.5259
05.05.2003 00:25:26.126,1.12258,1.12238,40700000.7629,29700000.7629
05.05.2003 00:25:34.889,1.12243,1.12233,38700000.7629,17399999.6185
05.05.2003 00:25:35.716,1.1225200000000002,1.1224200000000002,15199999.8093,48700000.7629
05.05.2003 00:25:37.013,1.12245,1.12229,800000.0119,36299999.2371
05.05.2003 00:25:37.840,1.12253,1.12237,21299999.2371,58299999.2371
05.05.2003 00:26:00.689,1.1224100000000001,1.1223100000000001,21200000.7629,38900001.5259
05.05.2003 00:26:01.163,1.12249,1.12239,39599998.4741,4800000.1907
05.05.2003 00:26:03.436,1.12239,1.12229,22299999.2371,1299999.9523
05.05.2003 00:26:03.910,1.12247,1.12237,4000000,87199996.9482
05.05.2003 00:26:16.838,1.12237,1.1222200000000002,86699996.9482,84800003.0518
05.05.2003 00:26:17.312,1.12245,1.1223,31899999.6185,18299999.2371
05.05.2003 00:26:25.507,1.12237,1.1221700000000001,4000000,4000000
05.05.2003 00:26:25.981,1.12244,1.1222400000000001,26700000.7629,3700000.0477
05.05.2003 00:26:26.892,1.12235,1.12219,800000.0119,600000.0238
05.05.2003 00:26:27.366,1.1224100000000001,1.12225,12000000,68599998.4741
05.05.2003 00:26:28.263,1.12236,1.1222100000000002,77500000,69000000
05.05.2003 00:26:28.737,1.12239,1.1222400000000001,699999.9881,4000000
05.05.2003 00:26:29.450,1.12235,1.12225,50700000.7629,800000.0119
05.05.2003 00:26:29.924,1.12235,1.12225,29899999.6185,40500000
05.05.2003 00:26:37.198,1.12235,1.12225,12800000.1907,85500000
05.05.2003 00:26:37.672,1.12236,1.12226,36700000.7629,18100000.3815
05.05.2003 00:26:40.543,1.1223400000000001,1.1222400000000001,600000.0238,38200000.7629
05.05.2003 00:26:41.017,1.12239,1.12229,73500000,84500000
05.05.2003 00:27:02.539,1.12245,1.12225,27899999.6185,38700000.7629
05.05.2003 00:27:02.653,1.12236,1.12216,29100000.3815,800000.0119
05.05.2003 00:27:04.778,1.1224200000000002,1.1223200000000002,800000.0119,800000.0119
05.05.2003 00:27:04.892,1.1223100000000001,1.1222100000000002,80500000,10300000.1907
05.05.2003 00:27:07.770,1.12249,1.12233,29200000.7629,18100000.3815
05.05.2003 00:27:07.884,1.12236,1.1222,50099998.4741,105599998.4741
05.05.2003 00:27:18.459,1.12247,1.1224200000000002,41500000,24600000.3815
05.05.2003 00:27:18.573,1.1223200000000002,1.12227,13300000.1907,37099998.4741
05.05.2003 00:27:24.938,1.1225100000000001,1.1224100000000001,8800000.1907,15000000
05.05.2003 00:27:25.052,1.12237,1.12227,36500000,161800003.0518
05.05.2003 00:27:39.611,1.12257,1.12237,800000.0119,69699996.9482
05.05.2003 00:27:39.725,1.12246,1.12226,13300000.1907,40700000.7629
05.05.2003 00:27:41.549,1.1225200000000002,1.1224200000000002,4000000,4800000.1907
05.05.2003 00:27:41.663,1.12244,1.1223400000000001,40200000.7629,88300003.0518
05.05.2003 00:28:00.795,1.12248,1.1223200000000002,17600000.3815,36700000.7629
05.05.2003 00:28:00.968,1.1225,1.1223,15199999.8093,32700000.7629
05.05.2003 00:28:01.459,1.12256,1.1224,52700000.7629,90199996.9482
05.05.2003 00:28:01.632,1.12257,1.12237,2400000.0954,39900001.5259
05.05.2003 00:28:04.397,1.12246,1.12236,800000.0119,8000000
05.05.2003 00:28:05.061,1.1225100000000001,1.1224100000000001,9199999.8093,40500000
05.05.2003 00:28:07.482,1.12247,1.1223200000000002,899999.9762,43900001.5259
05.05.2003 00:28:08.146,1.1225200000000002,1.12237,4000000,34900001.5259
05.05.2003 00:28:21.914,1.12243,1.12233,800000.0119,48900001.5259
05.05.2003 00:28:22.578,1.12247,1.12237,10000000,3200000.0477
05.05.2003 00:28:24.267,1.12239,1.1223400000000001,10399999.6185,40700000.7629
05.05.2003 00:28:24.931,1.12243,1.12238,27200000.7629,38700000.7629
05.05.2003 00:28:40.523,1.1224,1.1223,49500000,26899999.6185
05.05.2003 00:28:41.187,1.12243,1.12233,5800000.1907,33500000
05.05.2003 00:29:08.508,1.12235,1.12225,800000.0119,71800003.0518
05.05.2003 00:29:09.528,1.1224200000000002,1.1223200000000002,22799999.2371,52799999.2371
05.05.2003 00:29:10.168,1.1223200000000002,1.1222200000000002,46900001.5259,8800000.1907
05.05.2003 00:29:11.188,1.1224100000000001,1.1223100000000001,7199999.8093,64800003.0518
05.05.2003 00:29:11.971,1.1223100000000001,1.1222100000000002,23200000.7629,31899999.6185
05.05.2003 00:29:12.991,1.12239,1.12229,55900001.5259,15800000.1907
05.05.2003 00:29:18.445,1.12235,1.12215,23200000.7629,25000000
05.05.2003 00:29:19.465,1.12243,1.12223,24700000.7629,5599999.9046
05.05.2003 00:29:20.077,1.12235,1.1221100000000002,73900001.5259,62299999.2371
05.05.2003 00:29:20.203,1.12223,1.12218,7199999.8093,43700000.7629
05.05.2003 00:29:21.097,1.1224200000000002,1.12218,1600000.0238,97300003.0518
05.05.2003 00:29:21.223,1.12228,1.12223,17200000.7629,6699999.8093
05.05.2003 00:29:33.709,1.1222400000000001,1.12214,61599998.4741,43099998.4741
05.05.2003 00:29:34.729,1.12228,1.12218,75699996.9482,10300000.1907
05.05.2003 00:30:07.029,1.1222100000000002,1.1220700000000001,8800000.1907,2500000
05.05.2003 00:30:07.760,1.12229,1.12214,39900001.5259,4800000.1907
05.05.2003 00:30:24.324,1.12219,1.12209,800000.0119,500000
05.05.2003 00:30:25.055,1.12225,1.12215,9600000.3815,47500000
05.05.2003 00:30:28.272,1.12219,1.12209,29500000,3700000.0477
05.05.2003 00:30:29.003,1.12223,1.12213,4000000,3799999.9523
05.05.2003 00:30:48.853,1.12219,1.12209,78400001.5259,25799999.2371
05.05.2003 00:30:49.584,1.12225,1.12215,40700000.7629,19500000
05.05.2003 00:30:58.470,1.1222100000000002,1.1221100000000002,51099998.4741,800000.0119
05.05.2003 00:30:58.763,1.1222200000000002,1.1221200000000002,899999.9762,8699999.8093
05.05.2003 00:30:59.201,1.12226,1.12216,22399999.6185,48099998.4741
05.05.2003 00:30:59.494,1.12227,1.1221700000000001,24799999.2371,19200000.7629
05.05.2003 00:31:09.119,1.12226,1.12216,24799999.2371,61400001.5259
05.05.2003 00:31:10.565,1.12229,1.12219,2400000.0954,800000.0119
05.05.2003 00:31:29.010,1.1223200000000002,1.1221700000000001,19899999.6185,2599999.9046
05.05.2003 00:31:30.456,1.12236,1.1222100000000002,4800000.1907,80699996.9482
05.05.2003 00:31:46.522,1.12236,1.1222100000000002,2400000.0954,116300003.0518
05.05.2003 00:31:47.968,1.1224100000000001,1.12226,89300003.0518,39200000.7629
05.05.2003 00:31:48.958,1.12238,1.12228,4000000,25399999.6185
05.05.2003 00:31:50.404,1.1224200000000002,1.1223200000000002,44700000.7629,25600000.3815
05.05.2003 00:31:50.584,1.12236,1.1223200000000002,47900001.5259,8000000
05.05.2003 00:31:52.030,1.1224,1.12236,36700000.7629,5300000.1907
05.05.2003 00:32:09.698,1.1224100000000001,1.12227,42099998.4741,61599998.4741
05.05.2003 00:32:10.490,1.12246,1.1223200000000002,16500000,800000.0119
05.05.2003 00:32:28.776,1.1224100000000001,1.1223100000000001,80300003.0518,800000.0119
05.05.2003 00:32:30.578,1.1224100000000001,1.1223100000000001,500000,800000.0119
05.05.2003 00:32:34.749,1.12247,1.12227,36500000,19299999.2371
05.05.2003 00:32:38.661,1.1224200000000002,1.1223200000000002,35900001.5259,7000000
05.05.2003 00:32:38.739,1.1224200000000002,1.1223200000000002,2000000,64500000
05.05.2003 00:32:39.453,1.12245,1.12235,5599999.9046,71099998.4741
05.05.2003 00:32:45.720,1.12243,1.12228,56700000.7629,88800003.0518
05.05.2003 00:32:46.512,1.12249,1.1223400000000001,36700000.7629,17000000
05.05.2003 00:32:52.455,1.12239,1.12229,24700000.7629,25600000.3815
05.05.2003 00:33:02.869,1.1224200000000002,1.12226,7699999.8093,77199996.9482
05.05.2003 00:33:03.092,1.1225,1.1223400000000001,14399999.6185,48400001.5259
05.05.2003 00:33:06.312,1.12243,1.12228,15699999.8093,39099998.4741
05.05.2003 00:33:06.535,1.12248,1.12233,12800000.1907,33900001.5259
05.05.2003 00:33:07.659,1.12246,1.1222200000000002,2400000.0954,4800000.1907
05.05.2003 00:33:07.882,1.1225200000000002,1.12227,24700000.7629,27000000
05.05.2003 00:33:10.352,1.12236,1.12226,37500000,45500000
05.05.2003 00:33:10.575,1.12244,1.1223400000000001,23600000.3815,39700000.7629
05.05.2003 00:33:13.876,1.12236,1.12226,108199996.9482,21500000
05.05.2003 00:33:14.099,1.12245,1.12235,4800000.1907,45000000
05.05.2003 00:33:22.110,1.1224,1.12225,48900001.5259,12000000
05.05.2003 00:33:22.333,1.12249,1.1223400000000001,18000000,5300000.1907
05.05.2003 00:33:30.362,1.12239,1.12229,15199999.8093,10000000
05.05.2003 00:33:30.585,1.12245,1.12235,15899999.6185,18700000.7629
05.05.2003 00:33:57.470,1.12239,1.1222400000000001,9600000.3815,57700000.7629
05.05.2003 00:33:57.693,1.12247,1.1223200000000002,42099998.4741,15199999.8093
05.05.2003 00:33:59.758,1.1224,1.1222,22600000.3815,28700000.7629
05.05.2003 00:33:59.981,1.12248,1.12228,19200000.7629,20700000.7629
05.05.2003 00:34:09.954,1.12237,1.12227,699999.9881,12800000.1907
05.05.2003 00:34:10.128,1.1224200000000002,1.1223200000000002,24700000.7629,28799999.2371
05.05.2003 00:34:15.420,1.12236,1.1223100000000001,83699996.9482,12000000
05.05.2003 00:34:15.594,1.12238,1.12233,35099998.4741,1600000.0238
05.05.2003 00:34:18.495,1.12239,1.1222400000000001,106400001.5259,14399999.6185
05.05.2003 00:34:18.669,1.1224200000000002,1.12227,54900001.5259,77699996.9482
05.05.2003 00:34:27.312,1.12238,1.12223,2400000.0954,800000.0119
05.05.2003 00:34:27.486,1.1224100000000001,1.12226,29299999.2371,5599999.9046
05.05.2003 00:34:39.853,1.1223400000000001,1.1222400000000001,17299999.2371,36700000.7629
05.05.2003 00:34:40.027,1.12239,1.12229,42299999.2371,23500000
05.05.2003 00:34:45.016,1.12235,1.12225,18299999.2371,5599999.9046
05.05.2003 00:34:45.190,1.1224100000000001,1.1223100000000001,15199999.8093,66900001.5259
05.05.2003 00:34:48.766,1.12235,1.12225,4000000,68199996.9482
05.05.2003 00:34:48.940,1.1224100000000001,1.1223100000000001,70300003.0518,200000.003
05.05.2003 00:35:01.706,1.1223200000000002,1.1222200000000002,13300000.1907,36700000.7629
05.05.2003 00:35:02.199,1.12239,1.12229,8800000.1907,18899999.6185
05.05.2003 00:35:03.837,1.12228,1.12218,4400000.0954,800000.0119
05.05.2003 00:35:04.330,1.12237,1.12227,17600000.3815,52500000
05.05.2003 00:35:06.548,1.12226,1.1221100000000002,39099998.4741,7199999.8093
05.05.2003 00:35:07.041,1.12238,1.12223,899999.9762,800000.0119
05.05.2003 00:35:15.477,1.12219,1.12209,4000000,81099998.4741
05.05.2003 00:35:15.970,1.1223400000000001,1.1222400000000001,18000000,46400001.5259
05.05.2003 00:35:22.211,1.12218,1.12208,699999.9881,800000.0119
05.05.2003 00:35:22.704,1.1223100000000001,1.1222100000000002,18399999.6185,1399999.9762
05.05.2003 00:35:33.251,1.1222,1.1221,28700000.7629,46799999.2371
05.05.2003 00:35:33.744,1.12228,1.12218,26700000.7629,3700000.0477
05.05.2003 00:35:43.784,1.1222200000000002,1.1221200000000002,49700000.7629,2099999.9046
05.05.2003 00:35:44.277,1.12225,1.12215,4000000,4800000.1907
05.05.2003 00:35:49.688,1.1222400000000001,1.12214,35099998.4741,21000000
05.05.2003 00:35:50.181,1.1222400000000001,1.12214,8000000,4800000.1907
05.05.2003 00:35:57.875,1.12226,1.12206,600000.0238,800000.0119
05.05.2003 00:35:58.232,1.12218,1.1221200000000002,39900001.5259,500000
05.05.2003 00:35:58.368,1.12227,1.1220700000000001,41599998.4741,800000.0119
05.05.2003 00:35:58.725,1.12218,1.12213,32700000.7629,51700000.7629
05.05.2003 00:36:12.393,1.1221100000000002,1.1220100000000002,30000000,1600000.0238
05.05.2003 00:36:17.989,1.1222400000000001,1.12204,17600000.3815,52700000.7629
05.05.2003 00:36:18.442,1.12218,1.12198,56700000.7629,2000000
05.05.2003 00:36:31.459,1.1221700000000001,1.12202,9199999.8093,60400001.5259
05.05.2003 00:36:33.907,1.12223,1.12208,44700000.7629,4800000.1907
05.05.2003 00:36:34.360,1.12219,1.12203,75699996.9482,8800000.1907
05.05.2003 00:36:41.015,1.1222200000000002,1.1221200000000002,4800000.1907,31700000.7629
05.05.2003 00:36:41.468,1.12215,1.12205,84699996.9482,48400001.5259
05.05.2003 00:36:45.709,1.12213,1.12203,49099998.4741,11500000
05.05.2003 00:36:51.780,1.12225,1.1221100000000002,20000000,1700000.0477
05.05.2003 00:36:52.233,1.1221700000000001,1.12203,17600000.3815,38400001.5259
05.05.2003 00:36:54.515,1.12223,1.12199,37500000,66699996.9482
05.05.2003 00:37:06.044,1.1222200000000002,1.12208,800000.0119,85300003.0518
05.05.2003 00:37:07.227,1.12227,1.12213,50900001.5259,800000.0119
05.05.2003 00:37:07.784,1.12225,1.12205,800000.0119,23200000.7629
05.05.2003 00:37:08.967,1.1223200000000002,1.1221200000000002,53500000,8800000.1907
05.05.2003 00:37:14.024,1.12219,1.12209,2400000.0954,800000.0119
05.05.2003 00:37:15.207,1.12228,1.12218,19700000.7629,1700000.0477
05.05.2003 00:37:16.807,1.12219,1.12209,15699999.8093,98099998.4741
05.05.2003 00:37:17.990,1.12229,1.12219,4000000,74500000
05.05.2003 00:37:18.009,1.12219,1.12209,11199999.8093,64699996.9482
05.05.2003 00:37:19.192,1.1223,1.1222,16500000,37500000
05.05.2003 00:37:28.509,1.1222200000000002,1.1221200000000002,43900001.5259,14300000.1907
05.05.2003 00:37:29.692,1.1223100000000001,1.1222100000000002,67900001.5259,49500000
05.05.2003 00:37:33.151,1.1222400000000001,1.12214,38299999.2371,21799999.2371
05.05.2003 00:37:34.334,1.1223200000000002,1.1222200000000002,4800000.1907,71900001.5259
05.05.2003 00:37:55.643,1.12227,1.1221700000000001,12399999.6185,58099998.4741
05.05.2003 00:37:56.826,1.1223400000000001,1.1222400000000001,78400001.5259,25799999.2371
05.05.2003 00:38:07.559,1.12238,1.1222200000000002,80300003.0518,800000.0119
05.05.2003 00:38:08.053,1.1223200000000002,1.12216,4000000,34700000.7629
05.05.2003 00:38:15.437,1.12236,1.12226,8800000.1907,70800003.0518
05.05.2003 00:38:15.931,1.1223100000000001,1.1222100000000002,31899999.6185,4500000
05.05.2003 00:38:20.858,1.12238,1.12228,110500000,44299999.2371
05.05.2003 00:38:21.352,1.1223200000000002,1.1222200000000002,600000.0238,16799999.2371
05.05.2003 00:38:25.014,1.12237,1.12227,699999.9881,8800000.1907
05.05.2003 00:38:25.508,1.12229,1.12219,32700000.7629,18000000
05.05.2003 00:38:36.885,1.12236,1.12226,24799999.2371,19200000.7629
05.05.2003 00:38:37.379,1.12228,1.12218,8800000.1907,74699996.9482
05.05.2003 00:38:49.451,1.12243,1.12219,46799999.2371,15000000
05.05.2003 00:38:49.945,1.12233,1.12209,64500000,10300000.1907
05.05.2003 00:39:03.862,1.1223400000000001,1.1222400000000001,38099998.4741,12000000
05.05.2003 00:39:04.053,1.12236,1.12226,600000.0238,800000.0119
05.05.2003 00:39:07.944,1.12244,1.12219,39099998.4741,14000000
05.05.2003 00:39:08.135,1.12245,1.1222,36700000.7629,3299999.9523
05.05.2003 00:39:16.041,1.1224,1.12225,2400000.0954,19500000
05.05.2003 00:39:16.232,1.1224100000000001,1.12226,46299999.2371,3700000.0477
05.05.2003 00:39:20.451,1.12235,1.1222,800000.0119,60700000.7629
05.05.2003 00:39:20.642,1.1224200000000002,1.12227,800000.0119,60700000.7629
05.05.2003 00:39:21.206,1.1223100000000001,1.1222100000000002,20799999.2371,48000000
05.05.2003 00:39:21.397,1.1224100000000001,1.1223100000000001,2400000.0954,38400001.5259
05.05.2003 00:39:28.669,1.12238,1.12218,15899999.6185,12500000
05.05.2003 00:39:28.860,1.12247,1.12227,4800000.1907,44500000
05.05.2003 00:39:40.785,1.1223100000000001,1.12227,12500000,43200000.7629
05.05.2003 00:39:40.976,1.1224100000000001,1.12237,64300003.0518,100699996.9482
05.05.2003 00:39:41.533,1.1224200000000002,1.1221700000000001,8800000.1907,50900001.5259
05.05.2003 00:39:41.724,1.12253,1.12228,48500000,36799999.2371
05.05.2003 00:39:42.073,1.12236,1.1222200000000002,55099998.4741,4800000.1907
05.05.2003 00:39:42.264,1.12247,1.12233,18399999.6185,29500000
05.05.2003 00:39:56.684,1.12233,1.12228,64699996.9482,10000000
05.05.2003 00:39:56.875,1.1224100000000001,1.12236,12000000,13600000.3815
05.05.2003 00:39:57.614,1.12236,1.12226,17100000.3815,28700000.7629
05.05.2003 00:39:57.805,1.1224200000000002,1.1223200000000002,800000.0119,10699999.8093
05.05.2003 00:40:06.985,1.1224,1.1222400000000001,800000.0119,37400001.5259
05.05.2003 00:40:07.261,1.12246,1.1223,61299999.2371,12800000.1907
05.05.2003 00:40:08.355,1.1224,1.12225,15199999.8093,41099998.4741
05.05.2003 00:40:08.631,1.12247,1.1223200000000002,33500000,13899999.6185
05.05.2003 00:40:12.340,1.12236,1.1223100000000001,4000000,46099998.4741
05.05.2003 00:40:12.616,1.12243,1.12238,78300003.0518,15899999.6185
05.05.2003 00:40:17.629,1.1224100000000001,1.1223100000000001,14399999.6185,43700000.7629
05.05.2003 00:40:17.905,1.12247,1.12237,49500000,24799999.2371
05.05.2003 00:40:31.705,1.12243,1.12233,48500000,10399999.6185
05.05.2003 00:40:31.981,1.12249,1.12239,21899999.6185,28700000.7629
05.05.2003 00:40:35.671,1.1224200000000002,1.12238,1000000,60099998.4741
05.05.2003 00:40:35.947,1.12247,1.12243,38799999.2371,4000000
05.05.2003 00:41:14.989,1.1225,1.12236,28500000,24700000.7629
05.05.2003 00:41:16.183,1.12253,1.12239,46099998.4741,8000000
05.05.2003 00:41:19.362,1.12253,1.12243,500000,12800000.1907
05.05.2003 00:41:19.984,1.12257,1.12247,90300003.0518,40700000.7629
05.05.2003 00:41:20.556,1.12253,1.12243,75099998.4741,6500000
05.05.2003 00:41:21.178,1.12257,1.12247,60099998.4741,53299999.2371
05.05.2003 00:41:30.818,1.12261,1.1225100000000001,800000.0119,19899999.6185
05.05.2003 00:41:32.012,1.1226200000000002,1.1225200000000002,40700000.7629,20299999.2371
05.05.2003 00:41:33.102,1.1227,1.1226,36799999.2371,35700000.7629
05.05.2003 00:41:34.296,1.12271,1.12261,800000.0119,5199999.8093
05.05.2003 00:41:34.521,1.1228,1.1226500000000001,7500000,12000000
05.05.2003 00:41:35.715,1.12283,1.12268,8800000.1907,74400001.5259
05.05.2003 00:41:37.419,1.1229,1.1227500000000001,15600000.3815,12000000
05.05.2003 00:41:38.613,1.12294,1.12279,2400000.0954,15199999.8093
05.05.2003 00:41:40.101,1.1229500000000001,1.12279,1899999.9762,24500000
05.05.2003 00:41:41.295,1.12309,1.12293,41500000,3700000.0477
05.05.2003 00:42:06.353,1.12314,1.12304,2400000.0954,800000.0119
05.05.2003 00:42:07.568,1.12318,1.12308,2400000.0954,32700000.7629
05.05.2003 00:42:09.878,1.1231200000000001,1.1230700000000002,24700000.7629,55599998.4741
05.05.2003 00:42:11.093,1.12318,1.12314,67900001.5259,10300000.1907
05.05.2003 00:42:15.259,1.1231,1.123,4000000,8000000
05.05.2003 00:42:16.474,1.12313,1.12303,16500000,139699996.9482
05.05.2003 00:42:36.227,1.123,1.1229,2400000.0954,86599998.4741
05.05.2003 00:42:37.442,1.12301,1.12291,600000.0238,42900001.5259
05.05.2003 00:42:56.244,1.1229200000000001,1.1228200000000002,22000000,28700000.7629
05.05.2003 00:42:57.459,1.1228799999999999,1.12278,1799999.9523,1500000
05.05.2003 00:43:01.580,1.12271,1.12261,4000000,71199996.9482
05.05.2003 00:43:01.753,1.12279,1.12269,14399999.6185,68599998.4741
05.05.2003 00:43:12.092,1.1227200000000002,1.1225200000000002,52400001.5259,94000000
05.05.2003 00:43:12.265,1.12273,1.12253,32700000.7629,14100000.3815
05.05.2003 00:43:15.185,1.12264,1.12249,32700000.7629,15699999.8093
05.05.2003 00:43:15.356,1.12259,1.12244,22399999.6185,800000.0119
05.05.2003 00:43:15.358,1.12264,1.12249,24700000.7629,5599999.9046
05.05.2003 00:43:15.529,1.12256,1.1224100000000001,899999.9762,9399999.6185
05.05.2003 00:43:16.031,1.1225200000000002,1.1224200000000002,4800000.1907,10699999.8093
05.05.2003 00:43:16.204,1.1225,1.1224,43099998.4741,33099998.4741
05.05.2003 00:43:22.184,1.12253,1.12237,699999.9881,4000000
05.05.2003 00:43:22.357,1.12248,1.1223200000000002,36700000.7629,41299999.2371
05.05.2003 00:43:27.195,1.12248,1.12238,29100000.3815,15199999.8093
05.05.2003 00:43:27.368,1.12244,1.1223400000000001,7199999.8093,11500000
05.05.2003 00:43:32.177,1.12249,1.12229,500000,32700000.7629
05.05.2003 00:43:32.350,1.12247,1.12227,36700000.7629,23700000.7629
05.05.2003 00:43:38.822,1.12239,1.12229,3200000.0477,33500000
05.05.2003 00:43:38.995,1.1224100000000001,1.1223100000000001,8800000.1907,72300003.0518
05.05.2003 00:43:42.230,1.12239,1.12223,91099998.4741,69400001.5259
05.05.2003 00:43:42.403,1.12243,1.12227,9600000.3815,10100000.3815
05.05.2003 00:44:17.436,1.1223400000000001,1.12218,82300003.0518,4000000
05.05.2003 00:44:18.374,1.12235,1.1222,39099998.4741,200000.003
05.05.2003 00:44:41.749,1.12236,1.1222,51200000.7629,4800000.1907
05.05.2003 00:44:42.872,1.1224200000000002,1.12226,62299999.2371,16200000.7629
05.05.2003 00:44:51.417,1.12235,1.12225,4000000,68199996.9482
05.05.2003 00:44:53.740,1.1223400000000001,1.1222400000000001,123900001.5259,10699999.8093
05.05.2003 00:44:54.863,1.12238,1.12228,29299999.2371,5599999.9046
05.05.2003 00:44:56.640,1.1223200000000002,1.1222200000000002,47900001.5259,106900001.5259
05.05.2003 00:44:57.763,1.12236,1.12226,59099998.4741,18700000.7629
05.05.2003 00:45:11.580,1.12227,1.1221700000000001,23100000.3815,34900001.5259
05.05.2003 00:45:12.197,1.12235,1.12225,33500000,43000000
05.05.2003 00:45:16.087,1.12226,1.12216,800000.0119,59000000
05.05.2003 00:45:16.704,1.1223400000000001,1.1222400000000001,899999.9762,4400000.0954
05.05.2003 00:45:20.791,1.12227,1.1221200000000002,66099998.4741,83199996.9482
05.05.2003 00:45:21.408,1.12235,1.1222,41299999.2371,14399999.6185
05.05.2003 00:45:24.997,1.12226,1.12216,78900001.5259,10300000.1907
05.05.2003 00:45:25.614,1.1223100000000001,1.1222100000000002,44700000.7629,6400000.0954
05.05.2003 00:45:30.280,1.12226,1.12216,131699996.9482,37400001.5259
05.05.2003 00:45:30.877,1.1222400000000001,1.12214,25600000.3815,36500000
05.05.2003 00:45:30.897,1.12229,1.12219,33500000,5599999.9046
05.05.2003 00:45:31.494,1.12229,1.12219,39900001.5259,10000000
05.05.2003 00:45:38.249,1.1222400000000001,1.12208,500000,1600000.0238
05.05.2003 00:45:38.866,1.1223100000000001,1.12215,23700000.7629,21500000
05.05.2003 00:45:45.177,1.1221700000000001,1.1220700000000001,12000000,86199996.9482
05.05.2003 00:45:45.794,1.12226,1.12216,16799999.2371,10300000.1907
05.05.2003 00:45:56.879,1.1222200000000002,1.12202,68699996.9482,10300000.1907
05.05.2003 00:45:57.496,1.1223,1.1221,14399999.6185,500000
05.05.2003 00:46:45.878,1.1222200000000002,1.12218,4000000,10699999.8093
05.05.2003 00:46:46.486,1.12223,1.12219,20700000.7629,60700000.7629
05.05.2003 00:46:47.819,1.1222400000000001,1.12219,9600000.3815,44799999.2371
05.05.2003 00:46:48.427,1.12226,1.1222100000000002,28399999.6185,35900001.5259
05.05.2003 00:46:54.026,1.12227,1.1221700000000001,12500000,36700000.7629
05.05.2003 00:46:54.634,1.1223,1.1222,1600000.0238,76699996.9482
05.05.2003 00:46:56.979,1.12228,1.12218,94900001.5259,64000000
05.05.2003 00:46:57.587,1.1223200000000002,1.1222200000000002,32900001.5259,36400001.5259
05.05.2003 00:46:58.817,1.1223,1.12216,50000000,6500000
05.05.2003 00:46:59.425,1.12237,1.12223,20500000,32700000.7629
05.05.2003 00:47:01.081,1.1224200000000002,1.12226,35900001.5259,38599998.4741
05.05.2003 00:47:01.110,1.12237,1.1222100000000002,80699996.9482,14699999.8093
05.05.2003 00:47:04.443,1.12243,1.12233,30299999.2371,9500000
05.05.2003 00:47:04.472,1.12237,1.12227,9600000.3815,44900001.5259
05.05.2003 00:47:04.912,1.12245,1.1224,18399999.6185,33500000
05.05.2003 00:47:04.941,1.1224,1.12235,66300003.0518,11300000.1907
05.05.2003 00:47:10.248,1.1225500000000002,1.1224,33500000,25399999.6185
05.05.2003 00:47:10.277,1.1225200000000002,1.12237,699999.9881,8000000
05.05.2003 00:47:10.308,1.1226,1.12245,25500000,18399999.6185
05.05.2003 00:47:10.337,1.1225500000000002,1.12239,80900001.5259,73500000
05.05.2003 00:47:14.932,1.12257,1.12253,31700000.7629,800000.0119
05.05.2003 00:47:14.961,1.12247,1.12243,42299999.2371,17899999.6185
05.05.2003 00:47:30.457,1.12266,1.12246,57900001.5259,124300003.0518
05.05.2003 00:47:30.486,1.1225200000000002,1.1223200000000002,2400000.0954,16000000
05.05.2003 00:47:31.698,1.1226200000000002,1.1225200000000002,699999.9881,50799999.2371
05.05.2003 00:47:31.727,1.12247,1.12237,899999.9762,40900001.5259
05.05.2003 00:47:48.318,1.12266,1.1225100000000001,21500000,40500000
05.05.2003 00:47:48.347,1.1225100000000001,1.12236,27100000.3815,37400001.5259
05.05.2003 00:47:57.877,1.12271,1.12247,21600000.3815,27700000.7629
05.05.2003 00:47:57.906,1.12257,1.12233,46000000,8000000
05.05.2003 00:48:12.642,1.12257,1.12243,4000000,800000.0119
05.05.2003 00:48:13.835,1.1226500000000001,1.1225100000000001,800000.0119,1299999.9523
05.05.2003 00:48:14.933,1.12261,1.12236,4000000,51700000.7629
05.05.2003 00:48:15.805,1.12256,1.1224100000000001,47900001.5259,106900001.5259
05.05.2003 00:48:16.126,1.12269,1.12244,54400001.5259,170199996.9482
05.05.2003 00:48:16.998,1.12263,1.12248,76500000,72400001.5259
05.05.2003 00:48:24.852,1.1225500000000002,1.12239,21600000.3815,39700000.7629
05.05.2003 00:48:26.045,1.1226200000000002,1.12246,42299999.2371,96699996.9482
05.05.2003 00:48:29.800,1.1225100000000001,1.1224100000000001,17600000.3815,33200000.7629
05.05.2003 00:48:30.993,1.12259,1.12249,39900001.5259,14300000.1907
05.05.2003 00:48:40.424,1.12256,1.1223200000000002,37500000,3700000.0477
05.05.2003 00:48:41.617,1.12266,1.1224200000000002,800000.0119,40700000.7629
05.05.2003 00:49:04.046,1.1225100000000001,1.1224100000000001,43900001.5259,103400001.5259
05.05.2003 00:49:04.451,1.12257,1.12247,18399999.6185,39700000.7629
05.05.2003 00:49:06.884,1.1225200000000002,1.12237,75099998.4741,6500000
05.05.2003 00:49:07.289,1.12258,1.12243,600000.0238,33900001.5259
05.05.2003 00:49:15.791,1.12249,1.12239,45700000.7629,94199996.9482
05.05.2003 00:49:16.196,1.12254,1.12244,9600000.3815,1600000.0238
05.05.2003 00:49:24.778,1.1225500000000002,1.12235,699999.9881,27700000.7629
05.05.2003 00:49:25.183,1.12261,1.1224100000000001,63500000,87500000
05.05.2003 00:49:29.921,1.1225200000000002,1.1224200000000002,29899999.6185,5599999.9046
05.05.2003 00:49:30.326,1.12258,1.12248,29500000,3700000.0477
05.05.2003 00:49:34.201,1.12258,1.12238,36700000.7629,32299999.2371
05.05.2003 00:49:34.606,1.12264,1.12244,500000,14699999.8093
05.05.2003 00:49:36.732,1.1225200000000002,1.1224200000000002,8800000.1907,91699996.9482
05.05.2003 00:49:37.137,1.12259,1.12249,67900001.5259,85500000
05.05.2003 00:49:46.792,1.12253,1.12238,500000,59099998.4741
05.05.2003 00:49:47.197,1.12261,1.12246,2400000.0954,52000000
05.05.2003 00:49:58.323,1.1225200000000002,1.12236,50099998.4741,3299999.9523
05.05.2003 00:49:58.728,1.1226,1.12244,12800000.1907,52500000
05.05.2003 00:50:05.150,1.12256,1.12246,12800000.1907,40700000.7629
05.05.2003 00:50:05.265,1.12249,1.12239,16799999.2371,63599998.4741
05.05.2003 00:50:16.875,1.1225200000000002,1.12247,800000.0119,56400001.5259
05.05.2003 00:50:16.990,1.12245,1.1224,32700000.7629,41200000.7629
05.05.2003 00:50:18.279,1.12253,1.12243,600000.0238,8800000.1907
05.05.2003 00:50:18.394,1.12247,1.12237,11199999.8093,8000000
05.05.2003 00:50:21.357,1.12258,1.12238,500000,35700000.7629
05.05.2003 00:50:21.472,1.12253,1.12233,12000000,73599998.4741
05.05.2003 00:50:30.169,1.12253,1.12243,45299999.2371,97599998.4741
05.05.2003 00:50:30.284,1.1225,1.1224,600000.0238,4400000.0954
05.05.2003 00:50:32.994,1.12259,1.12239,19600000.3815,41500000
05.05.2003 00:50:33.109,1.1225500000000002,1.12235,12800000.1907,69800003.0518
05.05.2003 00:50:46.432,1.1225500000000002,1.12245,56700000.7629,23600000.3815
05.05.2003 00:50:46.547,1.12249,1.12239,8000000,21600000.3815
05.05.2003 00:50:49.896,1.12258,1.12243,8800000.1907,79199996.9482
05.05.2003 00:50:50.011,1.1225,1.12235,30299999.2371,800000.0119
05.05.2003 00:50:58.877,1.12254,1.12244,2400000.0954,40799999.2371
05.05.2003 00:50:58.992,1.12249,1.12239,25600000.3815,21500000
05.05.2003 00:51:00.756,1.12248,1.12228,46900001.5259,800000.0119
05.05.2003 00:51:01.678,1.12257,1.12237,17600000.3815,36700000.7629
05.05.2003 00:51:06.926,1.12244,1.1223400000000001,38099998.4741,59700000.7629
05.05.2003 00:51:07.848,1.1225100000000001,1.1224100000000001,40700000.7629,35000000
05.05.2003 00:51:11.856,1.12245,1.12235,4800000.1907,32700000.7629
05.05.2003 00:51:12.778,1.12249,1.12239,2400000.0954,12800000.1907
05.05.2003 00:51:15.949,1.12246,1.1223,4800000.1907,10000000
05.05.2003 00:51:16.871,1.1225100000000001,1.12235,8800000.1907,52099998.4741
05.05.2003 00:51:18.821,1.1224200000000002,1.1223200000000002,9600000.3815,67199996.9482
05.05.2003 00:51:19.743,1.12246,1.12236,12800000.1907,53299999.2371
05.05.2003 00:51:44.015,1.1224,1.1223,4000000,800000.0119
05.05.2003 00:51:44.937,1.12245,1.12235,45500000,23799999.2371
05.05.2003 00:52:01.115,1.12245,1.12229,4000000,18399999.6185
05.05.2003 00:52:04.363,1.1223200000000002,1.1222200000000002,4000000,96800003.0518
05.05.2003 00:52:05.676,1.12237,1.12227,800000.0119,80000000
05.05.2003 00:52:13.672,1.1223200000000002,1.1221700000000001,899999.9762,4800000.1907
05.05.2003 00:52:14.985,1.12235,1.1222,36700000.7629,16000000
05.05.2003 00:52:15.031,1.1223100000000001,1.12216,48700000.7629,82099998.4741
05.05.2003 00:52:16.344,1.1223400000000001,1.12219,12800000.1907,53299999.2371
05.05.2003 00:52:20.486,1.12229,1.12213,2400000.0954,80199996.9482
05.05.2003 00:52:21.412,1.12228,1.12213,36700000.7629,22799999.2371
05.05.2003 00:52:21.799,1.1223400000000001,1.12218,31100000.3815,41500000
05.05.2003 00:52:22.725,1.1223200000000002,1.1221700000000001,4000000,10399999.6185
05.05.2003 00:52:29.213,1.12228,1.12208,500000,32700000.7629
05.05.2003 00:52:30.526,1.12233,1.12213,57099998.4741,8399999.6185
05.05.2003 00:52:38.491,1.12225,1.12209,51900001.5259,41900001.5259
05.05.2003 00:52:41.720,1.1222100000000002,1.1221100000000002,36700000.7629,42200000.7629
05.05.2003 00:52:43.033,1.12227,1.1221700000000001,5000000,45799999.2371
05.05.2003 00:52:44.750,1.1222400000000001,1.12204,15199999.8093,7199999.8093
05.05.2003 00:52:46.063,1.1223200000000002,1.1221200000000002,2400000.0954,36700000.7629
05.05.2003 00:53:04.636,1.12228,1.12218,12000000,13600000.3815
05.05.2003 00:53:04.712,1.12225,1.12215,15899999.6185,40299999.2371
05.05.2003 00:53:13.027,1.1223,1.1222,4000000,46099998.4741
05.05.2003 00:53:13.103,1.12229,1.12219,36700000.7629,23700000.7629
05.05.2003 00:53:22.195,1.1223400000000001,1.12219,23700000.7629,34400001.5259
05.05.2003 00:53:22.271,1.12235,1.1222,43900001.5259,16000000
05.05.2003 00:53:24.737,1.1223,1.12226,600000.0238,24700000.7629
05.05.2003 00:53:24.813,1.1223,1.12226,37500000,25600000.3815
05.05.2003 00:53:28.592,1.12236,1.12226,800000.0119,20000000
05.05.2003 00:53:28.668,1.12233,1.12223,16000000,47400001.5259
05.05.2003 00:53:31.672,1.12239,1.12229,899999.9762,21200000.7629
05.05.2003 00:53:31.748,1.1223200000000002,1.1222200000000002,899999.9762,41799999.2371
05.05.2003 00:53:48.476,1.12238,1.12233,4099999.9046,61500000
05.05.2003 00:53:48.552,1.1223100000000001,1.12226,42099998.4741,19200000.7629
05.05.2003 00:53:51.899,1.12244,1.1223,800000.0119,47700000.7629
05.05.2003 00:53:51.975,1.12236,1.1222200000000002,57099998.4741,10000000
05.05.2003 00:54:18.283,1.12243,1.12233,5699999.8093,6800000.1907
05.05.2003 00:54:18.451,1.12249,1.12229,130500000,8000000
05.05.2003 00:54:18.780,1.12237,1.12227,12500000,37500000
05.05.2003 00:54:18.948,1.1224100000000001,1.1222100000000002,37500000,41700000.7629
05.05.2003 00:54:24.363,1.12248,1.1223200000000002,16000000,31899999.6185
05.05.2003 00:54:24.860,1.12238,1.1222200000000002,35700000.7629,16799999.2371
05.05.2003 00:54:30.709,1.12246,1.1223100000000001,8000000,96400001.5259
05.05.2003 00:54:31.206,1.1224,1.12225,45299999.2371,800000.0119
05.05.2003 00:54:33.723,1.1225,1.1223,80699996.9482,11500000
05.05.2003 00:54:34.220,1.12244,1.1222400000000001,2400000.0954,36700000.7629
05.05.2003 00:54:35.613,1.12253,1.12233,699999.9881,600000.0238
05.05.2003 00:54:36.110,1.12247,1.12227,8000000,43099998.4741
05.05.2003 00:54:47.076,1.12246,1.1224200000000002,16000000,19899999.6185
05.05.2003 00:54:47.573,1.1224100000000001,1.12237,48700000.7629,12800000.1907
05.05.2003 00:55:06.911,1.12247,1.1223100000000001,45500000,104300003.0518
05.05.2003 00:55:07.252,1.12253,1.12237,29299999.2371,43099998.4741
05.05.2003 00:55:13.600,1.12245,1.12235,28700000.7629,4000000
05.05.2003 00:55:13.941,1.1225200000000002,1.1224200000000002,899999.9762,57500000
05.05.2003 00:55:35.491,1.1225,1.1223400000000001,500000,40400001.5259
05.05.2003 00:55:35.832,1.12256,1.1224,43099998.4741,44099998.4741
05.05.2003 00:55:44.877,1.12248,1.12238,800000.0119,899999.9762
05.05.2003 00:55:45.218,1.12254,1.12244,23200000.7629,56099998.4741
05.05.2003 00:55:57.850,1.12249,1.12239,899999.9762,24700000.7629
05.05.2003 00:55:58.191,1.1225500000000002,1.12245,47700000.7629,800000.0119
05.05.2003 00:56:01.748,1.12256,1.12246,35099998.4741,18000000
05.05.2003 00:56:01.854,1.1225100000000001,1.1224100000000001,38299999.2371,131899993.8965
05.05.2003 00:56:02.678,1.1225200000000002,1.12247,57299999.2371,90300003.0518
05.05.2003 00:56:02.784,1.12248,1.12243,20799999.2371,48000000
05.05.2003 00:56:34.608,1.12253,1.12243,25500000,23700000.7629
05.05.2003 00:56:34.714,1.12249,1.12239,65900001.5259,100800003.0518
05.05.2003 00:56:52.332,1.1225100000000001,1.1224100000000001,4800000.1907,46299999.2371
05.05.2003 00:56:52.438,1.12248,1.12238,2400000.0954,50700000.7629
05.05.2003 00:56:57.230,1.12249,1.12239,22000000,24799999.2371
05.05.2003 00:56:57.336,1.12246,1.12236,600000.0238,10000000
05.05.2003 00:57:08.062,1.1224,1.1222400000000001,2400000.0954,5199999.8093
05.05.2003 00:57:08.843,1.12248,1.1223200000000002,8800000.1907,22399999.6185
05.05.2003 00:57:09.483,1.12236,1.12226,20799999.2371,3400000.0954
05.05.2003 00:57:10.264,1.12243,1.12233,699999.9881,50799999.2371
05.05.2003 00:57:18.711,1.12236,1.12226,41599998.4741,800000.0119
05.05.2003 00:57:19.492,1.12243,1.12233,75099998.4741,9399999.6185
05.05.2003 00:57:20.833,1.1223200000000002,1.1222200000000002,36700000.7629,36700000.7629
05.05.2003 00:57:21.614,1.1224200000000002,1.1223200000000002,600000.0238,44500000
05.05.2003 00:57:30.987,1.1223400000000001,1.1222,23299999.2371,15899999.6185
05.05.2003 00:57:31.768,1.12243,1.12229,22799999.2371,52400001.5259
05.05.2003 00:57:36.124,1.1223400000000001,1.12219,27700000.7629,27100000.3815
05.05.2003 00:57:36.905,1.1224200000000002,1.12227,18799999.2371,31200000.7629
05.05.2003 00:57:43.327,1.1223400000000001,1.12218,800000.0119,36700000.7629
05.05.2003 00:57:44.108,1.1224100000000001,1.12225,12500000,55500000
05.05.2003 00:57:53.776,1.1223100000000001,1.1222100000000002,24500000,24700000.7629
05.05.2003 00:57:54.557,1.12238,1.12228,30299999.2371,16799999.2371
05.05.2003 00:57:57.101,1.1223100000000001,1.1222100000000002,1000000,38299999.2371
05.05.2003 00:57:57.882,1.12236,1.12226,45500000,4000000
05.05.2003 00:58:05.164,1.12228,1.12218,14399999.6185,78500000
05.05.2003 00:58:05.196,1.12235,1.12225,49299999.2371,93400001.5259
05.05.2003 00:58:09.545,1.12226,1.12216,25500000,12000000
05.05.2003 00:58:09.577,1.1223400000000001,1.1222400000000001,33500000,15699999.8093
05.05.2003 00:58:10.483,1.12225,1.12215,8800000.1907,74000000
05.05.2003 00:58:10.515,1.1223200000000002,1.1222200000000002,60700000.7629,96599998.4741
05.05.2003 00:58:11.583,1.1223200000000002,1.12208,36700000.7629,35900001.5259
05.05.2003 00:58:11.615,1.12239,1.12215,18399999.6185,500000
05.05.2003 00:58:21.028,1.1222400000000001,1.12214,38700000.7629,14399999.6185
05.05.2003 00:58:21.060,1.12233,1.12223,40700000.7629,36400001.5259
05.05.2003 00:58:28.913,1.12229,1.12214,4800000.1907,31700000.7629
05.05.2003 00:58:28.945,1.12238,1.12223,47099998.4741,85400001.5259
05.05.2003 00:58:35.895,1.1223200000000002,1.1221700000000001,11600000.3815,51700000.7629
05.05.2003 00:58:35.927,1.1224,1.12225,3200000.0477,26299999.2371
05.05.2003 00:58:42.349,1.12236,1.12216,1600000.0238,12800000.1907
05.05.2003 00:58:42.381,1.12247,1.12227,4000000,41500000
05.05.2003 00:59:12.972,1.12244,1.1223400000000001,11199999.8093,8000000
05.05.2003 00:59:13.735,1.12247,1.12237,91099998.4741,34299999.2371
05.05.2003 00:59:37.330,1.12243,1.12238,800000.0119,74000000
05.05.2003 00:59:38.093,1.1225,1.12245,20899999.6185,47500000
05.05.2003 00:59:52.070,1.1225200000000002,1.12238,800000.0119,19100000.3815
05.05.2003 00:59:52.326,1.12256,1.12246,4000000,57500000
05.05.2003 00:59:52.833,1.1226200000000002,1.12248,61700000.7629,4000000
05.05.2003 00:59:53.089,1.12267,1.12257,500000,11800000.1907
05.05.2003 00:59:53.218,1.1226200000000002,1.12246,24600000.3815,28700000.7629
05.05.2003 00:59:53.981,1.12274,1.12258,800000.0119,76500000
05.05.2003 01:00:04.272,1.1224200000000002,1.1223200000000002,20799999.2371,1100000.0238
05.05.2003 01:00:04.707,1.1225100000000001,1.1224100000000001,50500000,8800000.1907
05.05.2003 01:00:11.252,1.12237,1.12227,19299999.2371,800000.0119
05.05.2003 01:00:11.687,1.12245,1.12235,9600000.3815,4000000
05.05.2003 01:00:15.196,1.1223200000000002,1.1222200000000002,28799999.2371,57400001.5259
05.05.2003 01:00:15.631,1.12237,1.12227,16799999.2371,36700000.7629
05.05.2003 01:00:16.039,1.12228,1.12218,39700000.7629,20799999.2371
05.05.2003 01:00:16.474,1.12229,1.12219,16500000,36700000.7629
05.05.2003 01:00:30.244,1.1222400000000001,1.12219,13600000.3815,41500000
05.05.2003 01:00:30.679,1.1222200000000002,1.1221700000000001,31700000.7629,29600000.3815
05.05.2003 01:00:33.336,1.1222400000000001,1.12214,26399999.6185,28700000.7629
05.05.2003 01:00:33.575,1.1222,1.1221,13600000.3815,800000.0119
05.05.2003 01:00:33.771,1.1222,1.1221,699999.9881,94099998.4741
05.05.2003 01:00:34.010,1.12215,1.12205,899999.9762,24299999.2371
05.05.2003 01:00:37.039,1.12218,1.12203,14399999.6185,56599998.4741
05.05.2003 01:00:37.474,1.12213,1.12198,13600000.3815,103500000
05.05.2003 01:00:44.972,1.12209,1.12194,14399999.6185,51400001.5259
05.05.2003 01:00:45.407,1.12208,1.1219299999999999,28700000.7629,2700000.0477
05.05.2003 01:00:47.581,1.12202,1.1218700000000001,28000000,1600000.0238
05.05.2003 01:00:48.016,1.12203,1.12188,1200000.0477,77400001.5259
05.05.2003 01:00:56.897,1.12196,1.1218100000000002,38700000.7629,17399999.6185
05.05.2003 01:00:57.332,1.12199,1.12184,2400000.0954,2099999.9046
05.05.2003 01:01:06.750,1.12186,1.12176,40700000.7629,10399999.6185
05.05.2003 01:01:06.882,1.12192,1.12182,15699999.8093,41599998.4741
05.05.2003 01:01:08.439,1.12186,1.12171,2400000.0954,28700000.7629
05.05.2003 01:01:08.571,1.1219100000000002,1.12176,8800000.1907,19899999.6185
05.05.2003 01:01:09.289,1.12186,1.12171,4800000.1907,52200000.7629
05.05.2003 01:01:09.421,1.1219000000000001,1.12175,20799999.2371,34400001.5259
05.05.2003 01:01:09.522,1.12182,1.12172,699999.9881,4000000
05.05.2003 01:01:09.654,1.12186,1.12176,23899999.6185,6099999.9046
05.05.2003 01:01:10.686,1.12184,1.12174,39299999.2371,12800000.1907
05.05.2003 01:01:10.818,1.12188,1.12178,28700000.7629,36400001.5259
05.05.2003 01:01:14.658,1.1218100000000002,1.1217700000000002,43700000.7629,11100000.3815
05.05.2003 01:01:14.790,1.12186,1.12182,41500000,3599999.9046
05.05.2003 01:01:27.252,1.12185,1.12175,27200000.7629,36500000
05.05.2003 01:01:27.384,1.12192,1.12182,800000.0119,23100000.3815
05.05.2003 01:01:54.764,1.1219000000000001,1.12174,800000.0119,39900001.5259
05.05.2003 01:01:54.896,1.12198,1.12182,500000,800000.0119
05.05.2003 01:02:17.470,1.12202,1.12186,46299999.2371,14699999.8093
05.05.2003 01:02:18.078,1.12195,1.12179,1899999.9762,8199999.8093
05.05.2003 01:02:19.557,1.12202,1.12192,21299999.2371,29500000
05.05.2003 01:02:20.165,1.12195,1.12185,12500000,37500000
05.05.2003 01:02:29.548,1.12203,1.1219299999999999,32700000.7629,51700000.7629
05.05.2003 01:02:30.156,1.12196,1.12186,500000,800000.0119
05.05.2003 01:02:32.566,1.1221,1.1219000000000001,19200000.7629,52200000.7629
05.05.2003 01:02:33.174,1.12204,1.12184,15199999.8093,28700000.7629
05.05.2003 01:02:38.747,1.12209,1.12194,44700000.7629,4800000.1907
05.05.2003 01:02:39.355,1.12203,1.1218700000000001,5800000.1907,34299999.2371
05.05.2003 01:02:39.909,1.12208,1.12198,600000.0238,43500000
05.05.2003 01:02:40.517,1.12198,1.12188,20700000.7629,5300000.1907
05.05.2003 01:02:48.735,1.12209,1.12199,28700000.7629,12800000.1907
05.05.2003 01:02:49.343,1.1219700000000001,1.1218700000000001,1000000,38299999.2371
05.05.2003 01:02:49.798,1.12208,1.12198,32700000.7629,15699999.8093
05.05.2003 01:02:50.406,1.12198,1.12188,3599999.9046,2200000.0477
05.05.2003 01:02:53.003,1.12208,1.12198,22399999.6185,24100000.3815
05.05.2003 01:02:53.611,1.12199,1.12189,34299999.2371,19700000.7629
05.05.2003 01:02:59.309,1.1220700000000001,1.1219700000000001,38099998.4741,59700000.7629
05.05.2003 01:02:59.917,1.1220100000000002,1.1219100000000002,8000000,1600000.0238
05.05.2003 01:03:04.677,1.1221,1.1219000000000001,33500000,2400000.0954
05.05.2003 01:03:04.826,1.122,1.1218000000000001,36700000.7629,4000000
05.05.2003 01:03:05.668,1.12204,1.12194,4000000,64199996.9482
05.05.2003 01:03:05.817,1.12196,1.12186,500000,800000.0119
05.05.2003 01:03:10.402,1.12202,1.12192,20799999.2371,28799999.2371
05.05.2003 01:03:10.551,1.12196,1.12186,699999.9881,43500000
05.05.2003 01:03:14.869,1.1220100000000002,1.1219100000000002,8800000.1907,48799999.2371
05.05.2003 01:03:15.018,1.12194,1.12184,6800000.1907,68000000
05.05.2003 01:03:20.311,1.12199,1.12189,50299999.2371,101900001.5259
05.05.2003 01:03:20.460,1.12192,1.12182,8800000.1907,22000000
05.05.2003 01:03:32.248,1.12199,1.12189,600000.0238,8800000.1907
05.05.2003 01:03:32.397,1.12194,1.12184,32700000.7629,23799999.2371
05.05.2003 01:03:33.854,1.122,1.12185,32099998.4741,37500000
05.05.2003 01:03:34.003,1.1219700000000001,1.12182,8000000,27100000.3815
05.05.2003 01:03:34.571,1.12196,1.12186,16799999.2371,33900001.5259
05.05.2003 01:03:34.720,1.12194,1.12184,600000.0238,37299999.2371
05.05.2003 01:03:56.335,1.12198,1.12188,500000,44799999.2371
05.05.2003 01:03:56.484,1.12192,1.12182,23700000.7629,36400001.5259
05.05.2003 01:03:59.214,1.12202,1.12186,49299999.2371,10399999.6185
05.05.2003 01:03:59.363,1.12195,1.12179,12800000.1907,65699996.9482
05.05.2003 01:04:12.324,1.12194,1.12188,19899999.6185,9600000.3815
05.05.2003 01:04:12.405,1.12198,1.12192,74900001.5259,10399999.6185
05.05.2003 01:04:19.857,1.122,1.1218000000000001,57299999.2371,90300003.0518
05.05.2003 01:04:19.938,1.1220700000000001,1.1218700000000001,4000000,18399999.6185
05.05.2003 01:04:40.377,1.12195,1.12185,10000000,37599998.4741
05.05.2003 01:04:50.433,1.12196,1.12186,78300003.0518,15899999.6185
05.05.2003 01:04:50.514,1.12203,1.1219299999999999,20000000,23899999.6185
05.05.2003 01:04:53.569,1.122,1.12185,77500000,53400001.5259
05.05.2003 01:05:16.476,1.12203,1.1219299999999999,28500000,4800000.1907
05.05.2003 01:05:17.565,1.1219700000000001,1.1218700000000001,51900001.5259,20799999.2371
05.05.2003 01:05:19.737,1.12202,1.12192,34099998.4741,26399999.6185
05.05.2003 01:05:20.826,1.1219700000000001,1.1218700000000001,49500000,11100000.3815
05.05.2003 01:05:30.055,1.12203,1.1219299999999999,4800000.1907,1899999.9762
05.05.2003 01:05:31.144,1.12198,1.12188,55900001.5259,800000.0119
05.05.2003 01:05:45.205,1.12205,1.12195,36700000.7629,12800000.1907
05.05.2003 01:05:46.294,1.12198,1.12188,699999.9881,15000000
05.05.2003 01:05:49.728,1.12209,1.12194,2400000.0954,15199999.8093
05.05.2003 01:05:49.994,1.12213,1.1219299999999999,47700000.7629,27200000.7629
05.05.2003 01:05:50.817,1.12199,1.12184,28299999.2371,12500000
05.05.2003 01:05:51.083,1.122,1.1218000000000001,28700000.7629,26000000
05.05.2003 01:05:56.494,1.12216,1.12192,11199999.8093,68699996.9482
05.05.2003 01:05:57.583,1.12204,1.1218000000000001,26299999.2371,24000000
05.05.2003 01:06:01.272,1.12214,1.12198,17600000.3815,46599998.4741
05.05.2003 01:06:02.399,1.12208,1.12192,48000000,12800000.1907
05.05.2003 01:06:03.515,1.12215,1.122,67900001.5259,47900001.5259
05.05.2003 01:06:04.642,1.1221,1.12195,8000000,46299999.2371
05.05.2003 01:06:13.708,1.1221700000000001,1.12202,49900001.5259,98800003.0518
05.05.2003 01:06:14.835,1.1221,1.12195,12800000.1907,55099998.4741
05.05.2003 01:06:22.140,1.12213,1.12208,4000000,70599998.4741
05.05.2003 01:06:23.267,1.1220700000000001,1.12202,129699996.9482,52799999.2371
05.05.2003 01:06:28.200,1.12218,1.12203,14100000.3815,39099998.4741
05.05.2003 01:06:29.327,1.12214,1.12199,56299999.2371,1600000.0238
05.05.2003 01:06:31.959,1.12219,1.12204,18399999.6185,8500000
05.05.2003 01:06:33.086,1.12213,1.12198,52299999.2371,11500000
05.05.2003 01:06:39.041,1.12218,1.12208,4000000,33500000
05.05.2003 01:06:40.168,1.1221,1.122,25299999.2371,46700000.7629
05.05.2003 01:06:50.625,1.12219,1.12209,800000.0119,1299999.9523
05.05.2003 01:06:51.752,1.12209,1.12199,47900001.5259,23799999.2371
05.05.2003 01:06:53.607,1.1222,1.1221,12000000,800000.0119
05.05.2003 01:06:54.734,1.12208,1.12198,106800003.0518,25399999.6185
05.05.2003 01:06:54.885,1.12227,1.12202,8800000.1907,65400001.5259
05.05.2003 01:06:55.118,1.1222100000000002,1.12205,11199999.8093,800000.0119
05.05.2003 01:06:56.012,1.12216,1.1219100000000002,4800000.1907,41599998.4741
05.05.2003 01:06:56.245,1.12213,1.1219700000000001,1200000.0477,1600000.0238
05.05.2003 01:07:31.377,1.12216,1.12206,4800000.1907,800000.0119
05.05.2003 01:07:32.622,1.12209,1.12199,12800000.1907,55099998.4741
05.05.2003 01:07:36.611,1.1222,1.122,11199999.8093,46200000.7629
05.05.2003 01:07:37.856,1.12213,1.1219299999999999,26399999.6185,28700000.7629
05.05.2003 01:07:44.922,1.12214,1.12204,899999.9762,15500000
05.05.2003 01:07:46.167,1.12208,1.12198,28799999.2371,27100000.3815
05.05.2003 01:07:51.077,1.12215,1.122,2400000.0954,2000000
05.05.2003 01:07:52.322,1.1221,1.12195,500000,18399999.6185
05.05.2003 01:07:54.487,1.12214,1.12199,4000000,2000000
05.05.2003 01:07:55.732,1.12209,1.12194,37299999.2371,19299999.2371
05.05.2003 01:07:56.672,1.1221,1.122,36700000.7629,50700000.7629
05.05.2003 01:07:57.917,1.12205,1.12195,110199996.9482,16000000
05.05.2003 01:07:58.132,1.12209,1.12199,82300003.0518,46200000.7629
05.05.2003 01:07:59.377,1.12204,1.12194,47099998.4741,800000.0119
05.05.2003 01:08:05.461,1.12203,1.1218299999999999,16000000,35700000.7629
05.05.2003 01:08:06.037,1.12213,1.1219299999999999,28799999.2371,16799999.2371
05.05.2003 01:08:20.217,1.1219700000000001,1.1218700000000001,51700000.7629,10399999.6185
05.05.2003 01:08:20.661,1.12202,1.12182,8800000.1907,101599998.4741
05.05.2003 01:08:20.793,1.1220700000000001,1.1219700000000001,12800000.1907,71599998.4741
05.05.2003 01:08:21.237,1.1221,1.1219000000000001,51900001.5259,20799999.2371
05.05.2003 01:08:21.667,1.12204,1.12189,61599998.4741,43099998.4741
05.05.2003 01:08:22.243,1.12208,1.1219299999999999,16000000,38200000.7629
05.05.2003 01:08:25.481,1.12203,1.1219299999999999,19899999.6185,2400000.0954
05.05.2003 01:08:26.057,1.1220700000000001,1.1219700000000001,800000.0119,39900001.5259
05.05.2003 01:08:29.275,1.1220100000000002,1.12196,25600000.3815,11699999.8093
05.05.2003 01:08:29.851,1.12206,1.1220100000000002,29500000,77500000
05.05.2003 01:08:53.732,1.12202,1.12192,699999.9881,71800003.0518
05.05.2003 01:08:54.308,1.1220700000000001,1.1219700000000001,24200000.7629,8800000.1907
05.05.2003 01:09:01.315,1.12202,1.12186,800000.0119,23200000.7629
05.05.2003 01:09:01.588,1.12209,1.1219299999999999,800000.0119,16700000.7629
05.05.2003 01:09:03.524,1.12205,1.12185,15199999.8093,32700000.7629
05.05.2003 01:09:03.797,1.1221,1.1219000000000001,35099998.4741,34700000.7629
05.05.2003 01:09:13.872,1.12203,1.12188,29500000,26700000.7629
05.05.2003 01:09:14.145,1.12206,1.1219100000000002,8800000.1907,35900001.5259
05.05.2003 01:09:29.131,1.12203,1.1218299999999999,28700000.7629,13500000
05.05.2003 01:09:29.404,1.1221,1.1219000000000001,83900001.5259,12000000
05.05.2003 01:09:29.917,1.12198,1.12188,12000000,43200000.7629
05.05.2003 01:09:30.190,1.1220700000000001,1.1219700000000001,36700000.7629,12800000.1907
05.05.2003 01:09:31.456,1.12198,1.12188,600000.0238,33599998.4741
05.05.2003 01:09:31.729,1.12208,1.12198,40700000.7629,25100000.3815
05.05.2003 01:09:36.584,1.12202,1.12186,29100000.3815,3700000.0477
05.05.2003 01:09:36.857,1.1221200000000002,1.12196,4800000.1907,45000000
05.05.2003 01:09:37.987,1.12208,1.12182,42099998.4741,61599998.4741
05.05.2003 01:09:38.260,1.12218,1.1219299999999999,500000,32700000.7629
05.05.2003 01:09:43.399,1.1220100000000002,1.1219100000000002,43099998.4741,29500000
05.05.2003 01:09:43.672,1.1221100000000002,1.1220100000000002,4000000,70000000
05.05.2003 01:09:46.311,1.12203,1.1219299999999999,13300000.1907,40700000.7629
05.05.2003 01:09:46.584,1.12209,1.12199,27200000.7629,61400001.5259
05.05.2003 01:09:49.011,1.12205,1.12195,67900001.5259,85500000
05.05.2003 01:09:49.284,1.1221200000000002,1.12202,3200000.0477,16000000
05.05.2003 01:10:04.242,1.1221,1.12206,39099998.4741,4199999.8093
05.05.2003 01:10:04.482,1.12213,1.12209,17100000.3815,47700000.7629
05.05.2003 01:10:05.204,1.1221200000000002,1.1220700000000001,18500000,45000000
05.05.2003 01:10:05.444,1.1222,1.12215,51099998.4741,1700000.0477
05.05.2003 01:10:06.804,1.12216,1.1221100000000002,600000.0238,51900001.5259
05.05.2003 01:10:07.044,1.12226,1.1222100000000002,92500000,37599998.4741
05.05.2003 01:10:08.305,1.1222400000000001,1.12214,16000000,19899999.6185
05.05.2003 01:10:08.420,1.1223100000000001,1.1221700000000001,500000,800000.0119
05.05.2003 01:10:08.545,1.1223200000000002,1.1222200000000002,8000000,4000000
05.05.2003 01:10:08.660,1.12237,1.12223,70900001.5259,4400000.0954
05.05.2003 01:10:10.086,1.12239,1.1222400000000001,12000000,4800000.1907
05.05.2003 01:10:10.326,1.1224100000000001,1.12226,800000.0119,33599998.4741
05.05.2003 01:10:39.193,1.1224100000000001,1.12237,25600000.3815,22299999.2371
05.05.2003 01:10:39.433,1.1224,1.12236,51900001.5259,4800000.1907
05.05.2003 01:10:48.639,1.12253,1.12243,699999.9881,55599998.4741
05.05.2003 01:10:48.879,1.12248,1.12238,20399999.6185,32700000.7629
05.05.2003 01:10:49.375,1.12267,1.1225100000000001,9600000.3815,70800003.0518
05.05.2003 01:10:49.615,1.1225500000000002,1.12239,699999.9881,48700000.7629
05.05.2003 01:11:10.785,1.12268,1.1225200000000002,31899999.6185,35400001.5259
05.05.2003 01:11:11.098,1.12276,1.1226,10399999.6185,8100000.3815
05.05.2003 01:11:19.422,1.12264,1.12254,30000000,32700000.7629
05.05.2003 01:11:19.735,1.1227200000000002,1.1226200000000002,47099998.4741,18200000.7629
05.05.2003 01:11:20.098,1.12261,1.12246,4800000.1907,97400001.5259
05.05.2003 01:11:20.411,1.12263,1.12248,51099998.4741,8800000.1907
05.05.2003 01:11:20.893,1.12249,1.12229,4000000,10000000
05.05.2003 01:11:21.206,1.1225100000000001,1.1223100000000001,32200000.7629,39099998.4741
05.05.2003 01:11:35.624,1.12236,1.12216,53500000,23799999.2371
05.05.2003 01:11:35.937,1.12238,1.12218,36700000.7629,7599999.9046
05.05.2003 01:11:49.666,1.12225,1.12215,4800000.1907,6500000
05.05.2003 01:11:49.979,1.1222100000000002,1.1221100000000002,24700000.7629,7000000
05.05.2003 01:12:02.021,1.122,1.1219000000000001,8800000.1907,44299999.2371
05.05.2003 01:12:02.092,1.1221,1.122,35099998.4741,8800000.1907
05.05.2003 01:12:10.749,1.1219100000000002,1.1218100000000002,29500000,4500000
05.05.2003 01:12:10.820,1.12202,1.12192,8800000.1907,66099998.4741
05.05.2003 01:12:13.634,1.1218299999999999,1.12173,15199999.8093,2400000.0954
05.05.2003 01:12:13.705,1.12194,1.12184,800000.0119,83599998.4741
05.05.2003 01:12:15.595,1.12179,1.12169,34299999.2371,20000000
05.05.2003 01:12:15.666,1.1219000000000001,1.1218000000000001,500000,37500000
05.05.2003 01:12:20.428,1.1218100000000002,1.12171,46299999.2371,4800000.1907
05.05.2003 01:12:20.499,1.12186,1.12176,22000000,28700000.7629
05.05.2003 01:12:28.100,1.1218299999999999,1.12173,41299999.2371,20000000
05.05.2003 01:12:28.171,1.12185,1.12175,31899999.6185,4500000
05.05.2003 01:12:33.125,1.1218700000000001,1.12172,54099998.4741,10399999.6185
05.05.2003 01:12:33.196,1.12186,1.12171,1200000.0477,69699996.9482
05.05.2003 01:12:35.387,1.1218299999999999,1.12173,49500000,28700000.7629
05.05.2003 01:12:35.458,1.12182,1.12172,82000000,8000000
05.05.2003 01:12:54.719,1.12186,1.12166,102300003.0518,31799999.2371
05.05.2003 01:12:54.790,1.12188,1.12168,28100000.3815,25500000
05.05.2003 01:12:57.896,1.1218100000000002,1.12165,4000000,2000000
05.05.2003 01:12:57.967,1.1218700000000001,1.12171,500000,13100000.3815
05.05.2003 01:13:01.350,1.12185,1.12175,2400000.0954,4800000.1907
05.05.2003 01:13:01.620,1.1218000000000001,1.1217000000000001,39900001.5259,4800000.1907
05.05.2003 01:13:23.275,1.12186,1.12176,29500000,18000000
05.05.2003 01:13:23.545,1.1218000000000001,1.1217000000000001,28700000.7629,18899999.6185
05.05.2003 01:13:27.668,1.1219100000000002,1.12175,800000.0119,17600000.3815
05.05.2003 01:13:27.938,1.12184,1.12168,16500000,37500000
05.05.2003 01:13:35.265,1.1218100000000002,1.12171,22000000,10300000.1907
05.05.2003 01:13:59.220,1.1218000000000001,1.1217000000000001,27200000.7629,60500000
05.05.2003 01:14:03.092,1.12182,1.12172,48500000,2400000.0954
05.05.2003 01:14:03.411,1.12189,1.12179,22399999.6185,59099998.4741
05.05.2003 01:14:16.758,1.1218000000000001,1.1217000000000001,1200000.0477,11699999.8093
05.05.2003 01:14:17.077,1.1219000000000001,1.1218000000000001,39900001.5259,128800003.0518
05.05.2003 01:14:20.675,1.12185,1.12165,12800000.1907,22600000.3815
05.05.2003 01:14:20.994,1.1219299999999999,1.12173,8000000,91500000
05.05.2003 01:14:33.841,1.12184,1.12169,60700000.7629,800000.0119
05.05.2003 01:14:34.160,1.1219000000000001,1.12175,81300003.0518,44799999.2371
05.05.2003 01:14:44.429,1.1218299999999999,1.12173,12800000.1907,83699996.9482
05.05.2003 01:14:44.748,1.12186,1.12176,66300003.0518,17200000.7629
05.05.2003 01:14:49.811,1.12182,1.12172,43900001.5259,18299999.2371
05.05.2003 01:14:50.130,1.12185,1.12175,19200000.7629,32799999.2371
05.05.2003 01:14:54.164,1.1218100000000002,1.12171,16000000,36400001.5259
05.05.2003 01:14:54.483,1.12185,1.12175,30899999.6185,20700000.7629
05.05.2003 01:14:57.826,1.1218100000000002,1.12171,24700000.7629,27700000.7629
05.05.2003 01:14:58.145,1.12186,1.12176,38000000,4199999.8093
05.05.2003 01:15:02.204,1.12188,1.12178,699999.9881,200000.003
05.05.2003 01:15:02.585,1.1218299999999999,1.12173,12800000.1907,13699999.8093
05.05.2003 01:15:11.665,1.12189,1.12179,38700000.7629,11199999.8093
05.05.2003 01:15:12.046,1.1218299999999999,1.12173,20399999.6185,800000.0119
05.05.2003 01:15:21.025,1.1219299999999999,1.1217700000000002,28700000.7629,50400001.5259
05.05.2003 01:15:21.406,1.1218700000000001,1.12171,34400001.5259,26500000
05.05.2003 01:15:22.898,1.12195,1.1218000000000001,7199999.8093,50799999.2371
05.05.2003 01:15:23.279,1.1218700000000001,1.12172,39900001.5259,15500000
05.05.2003 01:15:31.473,1.1219700000000001,1.1218100000000002,20799999.2371,33900001.5259
05.05.2003 01:15:31.854,1.12188,1.12172,4800000.1907,24700000.7629
05.05.2003 01:15:44.623,1.12195,1.12185,500000,12800000.1907
05.05.2003 01:15:45.004,1.12188,1.12178,7199999.8093,44500000
05.05.2003 01:15:54.276,1.12202,1.12186,23200000.7629,39700000.7629
05.05.2003 01:15:54.657,1.12192,1.12176,82000000,800000.0119
05.05.2003 01:16:18.135,1.1220100000000002,1.1219100000000002,31899999.6185,4500000
05.05.2003 01:16:18.583,1.12196,1.12186,8800000.1907,78000000
05.05.2003 01:16:29.854,1.12205,1.1219000000000001,39099998.4741,3400000.0954
05.05.2003 01:16:30.302,1.12198,1.1218299999999999,71900001.5259,2200000.0477
05.05.2003 01:16:31.291,1.12206,1.1219100000000002,12800000.1907,38299999.2371
05.05.2003 01:16:31.739,1.12198,1.1218299999999999,32700000.7629,37900001.5259
05.05.2003 01:16:33.964,1.12204,1.12194,60500000,12800000.1907
05.05.2003 01:16:34.372,1.1220700000000001,1.1219299999999999,4000000,800000.0119
05.05.2003 01:16:34.412,1.1219700000000001,1.1218700000000001,32700000.7629,18000000
05.05.2003 01:16:34.820,1.122,1.12186,41500000,800000.0119
05.05.2003 01:16:36.888,1.12205,1.12195,126199996.9482,84800003.0518
05.05.2003 01:16:37.336,1.12198,1.12188,122699996.9482,24700000.7629
05.05.2003 01:16:43.238,1.12204,1.12194,4800000.1907,800000.0119
05.05.2003 01:16:43.686,1.12198,1.12188,27700000.7629,19100000.3815
05.05.2003 01:16:44.691,1.12202,1.12192,47900001.5259,11500000
05.05.2003 01:16:45.139,1.12196,1.12186,46299999.2371,5199999.8093
05.05.2003 01:16:51.147,1.1220100000000002,1.1219100000000002,44700000.7629,27500000
05.05.2003 01:16:51.595,1.12196,1.12186,12800000.1907,15100000.3815
05.05.2003 01:17:03.843,1.12205,1.1218100000000002,1299999.9523,1899999.9762
05.05.2003 01:17:04.676,1.1219299999999999,1.12169,699999.9881,12800000.1907
05.05.2003 01:17:12.550,1.1219299999999999,1.12188,800000.0119,600000.0238
05.05.2003 01:17:13.383,1.1218299999999999,1.12178,72699996.9482,4000000
05.05.2003 01:17:16.142,1.1219299999999999,1.12178,44700000.7629,7699999.8093
05.05.2003 01:17:16.975,1.12189,1.12174,38299999.2371,7699999.8093
05.05.2003 01:17:23.121,1.1219100000000002,1.12171,18299999.2371,5099999.9046
05.05.2003 01:17:23.791,1.1218000000000001,1.12175,16000000,34200000.7629
05.05.2003 01:17:23.954,1.1219299999999999,1.12173,4000000,57500000
05.05.2003 01:17:24.624,1.12185,1.1218100000000002,10000000,4000000
05.05.2003 01:17:35.403,1.1217700000000002,1.12172,4000000,10699999.8093
05.05.2003 01:17:36.182,1.12178,1.12168,500000,43500000
05.05.2003 01:17:36.236,1.1218100000000002,1.12176,500000,11500000
05.05.2003 01:17:37.015,1.12179,1.12169,1000000,45599998.4741
05.05.2003 01:17:39.889,1.12178,1.12168,27500000,32799999.2371
05.05.2003 01:17:40.722,1.12175,1.12165,74300003.0518,41400001.5259
05.05.2003 01:17:42.039,1.12176,1.12166,51099998.4741,12100000.3815
05.05.2003 01:17:42.872,1.12173,1.12163,55500000,10199999.8093
05.05.2003 01:18:11.234,1.1217000000000001,1.12154,28700000.7629,47000000
05.05.2003 01:18:11.909,1.12178,1.12162,5500000,4000000
05.05.2003 01:18:13.654,1.12169,1.12154,40700000.7629,28399999.6185
05.05.2003 01:18:14.329,1.12176,1.12161,29500000,600000.0238
05.05.2003 01:18:26.989,1.1216700000000002,1.1215700000000002,1600000.0238,95400001.5259
05.05.2003 01:18:27.664,1.12175,1.12165,103800003.0518,40400001.5259
05.05.2003 01:18:28.438,1.12179,1.12153,8000000,51099998.4741
05.05.2003 01:18:29.113,1.12185,1.1216000000000002,4000000,103300003.0518
05.05.2003 01:18:33.179,1.12174,1.12164,1600000.0238,94599998.4741
05.05.2003 01:18:33.854,1.12179,1.12169,8800000.1907,75199996.9482
05.05.2003 01:18:40.280,1.12175,1.12165,28000000,46500000
05.05.2003 01:18:40.955,1.1218100000000002,1.12171,4000000,124800003.0518
05.05.2003 01:18:45.959,1.12179,1.12163,63900001.5259,1500000
05.05.2003 01:18:46.634,1.12188,1.12172,800000.0119,41799999.2371
05.05.2003 01:19:06.027,1.1219000000000001,1.1218000000000001,500000,32700000.7629
05.05.2003 01:19:06.449,1.12185,1.12175,699999.9881,36400001.5259
05.05.2003 01:19:28.369,1.12195,1.12185,26299999.2371,24000000
05.05.2003 01:19:28.791,1.12188,1.12178,800000.0119,41500000
05.05.2003 01:19:38.808,1.12199,1.12184,47099998.4741,24299999.2371
05.05.2003 01:19:39.230,1.12192,1.1217700000000002,81599998.4741,67599998.4741
05.05.2003 01:19:40.621,1.12205,1.1218100000000002,41500000,7699999.8093
05.05.2003 01:19:41.043,1.12198,1.12174,600000.0238,67900001.5259
05.05.2003 01:19:44.144,1.12198,1.12188,9600000.3815,52299999.2371
05.05.2003 01:19:44.566,1.1219100000000002,1.1218100000000002,4000000,51700000.7629
05.05.2003 01:19:51.961,1.12198,1.12188,4000000,4800000.1907
05.05.2003 01:19:52.383,1.12192,1.12182,62099998.4741,800000.0119
05.05.2003 01:20:10.457,1.12196,1.12186,9600000.3815,72000000
05.05.2003 01:20:11.636,1.12188,1.12178,60400001.5259,103500000
05.05.2003 01:20:15.433,1.1220100000000002,1.12176,35599998.4741,24700000.7629
05.05.2003 01:20:16.612,1.12192,1.1216700000000002,35900001.5259,50700000.7629
05.05.2003 01:20:21.950,1.1219100000000002,1.1218100000000002,20399999.6185,47799999.2371
05.05.2003 01:20:23.129,1.1218000000000001,1.1217000000000001,4000000,35099998.4741
05.05.2003 01:20:23.713,1.1218299999999999,1.12179,9600000.3815,800000.0119
05.05.2003 01:20:24.892,1.12172,1.12168,8000000,4000000
05.05.2003 01:20:30.854,1.1218100000000002,1.12171,31600000.3815,7300000.1907
05.05.2003 01:20:32.033,1.12173,1.12163,43099998.4741,34099998.4741
05.05.2003 01:20:34.780,1.1218100000000002,1.12165,43099998.4741,34599998.4741
05.05.2003 01:20:35.959,1.12175,1.12159,4000000,33599998.4741
05.05.2003 01:20:37.513,1.12179,1.12164,90000000,4800000.1907
05.05.2003 01:20:38.692,1.12175,1.1216000000000002,16299999.2371,800000.0119
05.05.2003 01:20:48.097,1.12175,1.12165,4000000,8699999.8093
05.05.2003 01:20:49.276,1.12171,1.12161,2400000.0954,1200000.0477
05.05.2003 01:21:22.857,1.12175,1.12165,2000000,19700000.7629
05.05.2003 01:21:23.534,1.1217000000000001,1.1216000000000002,32700000.7629,26200000.7629
05.05.2003 01:21:30.224,1.12171,1.12166,42299999.2371,7099999.9046
05.05.2003 01:21:30.901,1.12166,1.12161,109000000,19100000.3815
05.05.2003 01:21:36.028,1.1217700000000002,1.12162,16500000,36700000.7629
05.05.2003 01:21:36.235,1.12176,1.12166,4000000,67199996.9482
05.05.2003 01:21:36.705,1.1217000000000001,1.1215600000000001,97500000,39700000.7629
05.05.2003 01:21:36.912,1.12169,1.12159,600000.0238,42900001.5259
05.05.2003 01:21:54.991,1.1218299999999999,1.12163,2400000.0954,19500000
05.05.2003 01:21:55.668,1.12176,1.1215600000000001,36700000.7629,4699999.8093
05.05.2003 01:21:59.283,1.12179,1.12169,34900001.5259,500000
05.05.2003 01:21:59.960,1.12173,1.12163,600000.0238,23100000.3815
05.05.2003 01:22:01.024,1.12184,1.12168,1100000.0238,104099998.4741
05.05.2003 01:22:02.107,1.12178,1.12162,36700000.7629,12100000.3815
05.05.2003 01:22:07.007,1.12185,1.1217000000000001,38299999.2371,134899993.8965
05.05.2003 01:22:08.090,1.1218000000000001,1.12165,24700000.7629,30500000
05.05.2003 01:22:08.113,1.12184,1.12174,8000000,37599998.4741
05.05.2003 01:22:09.196,1.1218100000000002,1.12171,39900001.5259,8000000
05.05.2003 01:22:09.541,1.12185,1.12175,4000000,67199996.9482
05.05.2003 01:22:10.624,1.12185,1.12175,1600000.0238,600000.0238
05.05.2003 01:22:14.115,1.12189,1.12173,11699999.8093,20700000.7629
05.05.2003 01:22:15.198,1.12188,1.12172,77500000,4199999.8093
05.05.2003 01:22:33.952,1.12188,1.12178,4000000,81000000
05.05.2003 01:22:35.035,1.12184,1.12174,39900001.5259,16000000
05.05.2003 01:22:38.687,1.12194,1.12174,2400000.0954,1399999.9762
05.05.2003 01:22:39.770,1.12189,1.12169,30299999.2371,800000.0119
05.05.2003 01:22:40.158,1.12188,1.1218299999999999,4000000,46799999.2371
05.05.2003 01:22:41.241,1.12182,1.1217700000000002,13300000.1907,37099998.4741
05.05.2003 01:22:50.143,1.12192,1.12182,29500000,18399999.6185
05.05.2003 01:22:51.226,1.12186,1.12176,4800000.1907,42299999.2371
05.05.2003 01:23:00.943,1.12199,1.12179,51900001.5259,800000.0119
05.05.2003 01:23:01.789,1.1219100000000002,1.12171,24399999.6185,37500000
05.05.2003 01:23:12.488,1.12198,1.1218299999999999,40700000.7629,10500000
05.05.2003 01:23:13.334,1.12189,1.12174,18899999.6185,20799999.2371
05.05.2003 01:23:19.599,1.12196,1.12186,45299999.2371,116400001.5259
05.05.2003 01:23:20.152,1.12198,1.12188,800000.0119,39700000.7629
05.05.2003 01:23:20.445,1.12188,1.12178,4000000,55599998.4741
05.05.2003 01:23:20.998,1.12189,1.12179,28000000,112000000
05.05.2003 01:23:39.227,1.12209,1.12179,16000000,43200000.7629
05.05.2003 01:23:40.073,1.122,1.1217000000000001,40500000,24200000.7629
05.05.2003 01:23:42.750,1.1220100000000002,1.1219100000000002,24700000.7629,64699996.9482
05.05.2003 01:23:43.596,1.12195,1.12185,83099998.4741,500000
05.05.2003 01:23:49.548,1.12199,1.12195,47099998.4741,12800000.1907
05.05.2003 01:23:50.394,1.12194,1.1219000000000001,8000000,4000000
05.05.2003 01:24:00.383,1.12206,1.12186,800000.0119,10399999.6185
05.05.2003 01:24:01.617,1.12196,1.12176,1899999.9762,2900000.0954
05.05.2003 01:24:07.447,1.122,1.1219000000000001,51200000.7629,4800000.1907
05.05.2003 01:24:08.681,1.12192,1.12182,30899999.6185,8000000
05.05.2003 01:24:16.706,1.1220100000000002,1.12186,800000.0119,43299999.2371
05.05.2003 01:24:17.940,1.12196,1.1218100000000002,37500000,22100000.3815
05.05.2003 01:24:25.685,1.1219700000000001,1.1218700000000001,20799999.2371,33500000
05.05.2003 01:24:26.919,1.1219299999999999,1.1218299999999999,45500000,7500000
05.05.2003 01:24:33.152,1.12195,1.12185,21500000,61900001.5259
05.05.2003 01:24:33.676,1.12198,1.12178,600000.0238,23600000.3815
05.05.2003 01:24:34.386,1.12189,1.12179,1600000.0238,13199999.8093
05.05.2003 01:24:34.910,1.12192,1.12172,4000000,70099998.4741
05.05.2003 01:24:47.429,1.12194,1.12179,800000.0119,94000000
05.05.2003 01:24:48.663,1.1218700000000001,1.12172,20500000,24500000
05.05.2003 01:24:53.308,1.1219299999999999,1.1217700000000002,800000.0119,4800000.1907
05.05.2003 01:24:54.542,1.1218700000000001,1.12171,19899999.6185,2599999.9046
05.05.2003 01:25:00.550,1.1218100000000002,1.12171,34299999.2371,31500000
05.05.2003 01:25:00.702,1.12188,1.12178,800000.0119,1600000.0238
05.05.2003 01:25:16.579,1.12178,1.12168,800000.0119,106099998.4741
05.05.2003 01:25:16.731,1.12184,1.12174,68599998.4741,85000000
05.05.2003 01:25:21.937,1.1217700000000002,1.1216700000000002,12000000,58299999.2371
05.05.2003 01:25:22.089,1.1218299999999999,1.12173,11199999.8093,4000000
05.05.2003 01:25:26.914,1.1217700000000002,1.12162,26299999.2371,5800000.1907
05.05.2003 01:25:27.066,1.12184,1.12169,9600000.3815,7599999.9046
05.05.2003 01:25:37.091,1.12175,1.12161,35700000.7629,800000.0119
05.05.2003 01:25:37.243,1.12182,1.12168,43700000.7629,16000000
05.05.2003 01:25:46.968,1.12173,1.12163,800000.0119,68699996.9482
05.05.2003 01:25:47.120,1.12179,1.12169,8800000.1907,86500000
05.05.2003 01:25:55.674,1.12174,1.12158,42299999.2371,800000.0119
05.05.2003 01:25:55.826,1.1218100000000002,1.12165,52000000,88900001.5259
05.05.2003 01:26:07.055,1.1218000000000001,1.1217000000000001,41900001.5259,23600000.3815
05.05.2003 01:26:07.672,1.1217700000000002,1.1216700000000002,43099998.4741,14699999.8093
05.05.2003 01:26:08.577,1.12186,1.12166,82300003.0518,4800000.1907
05.05.2003 01:26:09.194,1.12184,1.12164,24700000.7629,5599999.9046
05.05.2003 01:26:11.244,1.1218299999999999,1.12173,12800000.1907,50700000.7629
05.05.2003 01:26:11.861,1.1218000000000001,1.1217000000000001,39900001.5259,22100000.3815
05.05.2003 01:26:15.388,1.1218299999999999,1.12178,31200000.7629,59599998.4741
05.05.2003 01:26:16.005,1.1217700000000002,1.12172,4000000,82300003.0518
05.05.2003 01:26:18.720,1.12189,1.12174,39900001.5259,10300000.1907
05.05.2003 01:26:19.337,1.12179,1.12164,50400001.5259,96500000
05.05.2003 01:26:20.594,1.12185,1.1218000000000001,899999.9762,41799999.2371
05.05.2003 01:26:21.211,1.12174,1.12169,55900001.5259,93400001.5259
05.05.2003 01:26:35.784,1.12189,1.12179,4800000.1907,66400001.5259
05.05.2003 01:26:36.401,1.1218000000000001,1.1217000000000001,44500000,8800000.1907
05.05.2003 01:26:37.165,1.12188,1.1218299999999999,70900001.5259,70900001.5259
05.05.2003 01:26:37.782,1.12182,1.1217700000000002,70300003.0518,102300003.0518
05.05.2003 01:26:53.644,1.12192,1.12182,8800000.1907,33500000
05.05.2003 01:26:53.745,1.1219100000000002,1.12186,699999.9881,800000.0119
05.05.2003 01:26:54.261,1.12188,1.12178,32700000.7629,15199999.8093
05.05.2003 01:26:54.362,1.1218700000000001,1.12182,1500000,102400001.5259
05.05.2003 01:26:57.499,1.1219700000000001,1.1218700000000001,1000000,10399999.6185
05.05.2003 01:26:58.116,1.1219000000000001,1.1218000000000001,699999.9881,30899999.6185
05.05.2003 01:27:00.944,1.12196,1.12186,4000000,67099998.4741
05.05.2003 01:27:01.420,1.1220100000000002,1.1219100000000002,5000000,98000000
05.05.2003 01:27:13.769,1.12195,1.12185,52299999.2371,4000000
05.05.2003 01:27:14.245,1.12203,1.1219299999999999,16799999.2371,63599998.4741
05.05.2003 01:27:24.200,1.12199,1.12185,17600000.3815,49299999.2371
05.05.2003 01:27:24.676,1.1220700000000001,1.12192,17600000.3815,52700000.7629
05.05.2003 01:27:26.770,1.122,1.1219000000000001,4000000,4800000.1907
05.05.2003 01:27:27.246,1.12205,1.12195,119900001.5259,50200000.7629
05.05.2003 01:27:27.372,1.12204,1.12188,66099998.4741,83199996.9482
05.05.2003 01:27:27.483,1.12203,1.12188,600000.0238,68699996.9482
05.05.2003 01:27:27.848,1.12209,1.12194,94199996.9482,1500000
05.05.2003 01:27:27.959,1.1221,1.12195,800000.0119,45000000
05.05.2003 01:27:29.050,1.12203,1.12188,800000.0119,800000.0119
05.05.2003 01:27:29.526,1.1221200000000002,1.1219700000000001,800000.0119,35099998.4741
05.05.2003 01:27:36.593,1.12204,1.12184,48299999.2371,4800000.1907
05.05.2003 01:27:36.715,1.12198,1.12188,24700000.7629,16799999.2371
05.05.2003 01:27:37.069,1.12215,1.12195,46700000.7629,12800000.1907
05.05.2003 01:27:37.191,1.12208,1.12198,77500000,69000000
05.05.2003 01:27:37.920,1.12204,1.1218000000000001,15600000.3815,42500000
05.05.2003 01:27:38.396,1.12214,1.12189,37599998.4741,2400000.0954
05.05.2003 01:27:49.888,1.122,1.1218000000000001,7699999.8093,49700000.7629
05.05.2003 01:27:50.364,1.1221,1.1219000000000001,57900001.5259,124300003.0518
05.05.2003 01:28:26.990,1.12198,1.12188,2400000.0954,33500000
05.05.2003 01:28:27.181,1.12204,1.12194,5500000,4000000
05.05.2003 01:28:56.622,1.12198,1.12188,12500000,91599998.4741
05.05.2003 01:28:56.813,1.12202,1.12192,48799999.2371,4800000.1907
05.05.2003 01:29:10.732,1.1220100000000002,1.12185,27200000.7629,24700000.7629
05.05.2003 01:29:11.029,1.1219299999999999,1.1217700000000002,14399999.6185,41599998.4741
05.05.2003 01:29:47.401,1.12195,1.12185,12000000,45599998.4741
05.05.2003 01:29:47.698,1.1219000000000001,1.1218000000000001,42700000.7629,13600000.3815
05.05.2003 01:30:00.726,1.12186,1.1217000000000001,12800000.1907,57599998.4741
05.05.2003 01:30:01.334,1.1219700000000001,1.1218100000000002,36700000.7629,12100000.3815
05.05.2003 01:30:04.862,1.1217700000000002,1.12172,39900001.5259,19700000.7629
05.05.2003 01:30:05.470,1.1219100000000002,1.12186,42200000.7629,22799999.2371
05.05.2003 01:30:16.867,1.12184,1.12164,15899999.6185,8800000.1907
05.05.2003 01:30:17.475,1.1219700000000001,1.1217700000000002,105500000,27899999.6185
05.05.2003 01:30:18.413,1.12188,1.12168,500000,10800000.1907
05.05.2003 01:30:19.021,1.12195,1.12175,800000.0119,63099998.4741
05.05.2003 01:30:29.776,1.12189,1.12174,800000.0119,4800000.1907
05.05.2003 01:30:30.384,1.1219100000000002,1.12176,3700000.0477,19899999.6185
05.05.2003 01:30:30.687,1.12185,1.12175,32700000.7629,10000000
05.05.2003 01:30:31.295,1.12188,1.12178,2400000.0954,103699996.9482
05.05.2003 01:30:34.692,1.12182,1.12172,59099998.4741,18700000.7629
05.05.2003 01:30:35.109,1.12188,1.12163,48700000.7629,31299999.2371
05.05.2003 01:30:35.300,1.12186,1.12176,800000.0119,101900001.5259
05.05.2003 01:30:35.717,1.1219299999999999,1.12168,19200000.7629,40500000
05.05.2003 01:30:45.586,1.12184,1.12168,44700000.7629,30399999.6185
05.05.2003 01:30:46.194,1.1218700000000001,1.12171,4800000.1907,100900001.5259
05.05.2003 01:30:46.869,1.12179,1.12169,63900001.5259,9399999.6185
05.05.2003 01:30:47.477,1.12182,1.12172,36700000.7629,22000000
05.05.2003 01:30:47.692,1.12178,1.12168,48500000,1700000.0477
05.05.2003 01:30:48.300,1.1218100000000002,1.12171,36700000.7629,15199999.8093
05.05.2003 01:31:04.079,1.12179,1.12169,24700000.7629,45900001.5259
05.05.2003 01:31:04.346,1.12174,1.12164,3900000.0954,29100000.3815
05.05.2003 01:31:04.827,1.12178,1.12168,29299999.2371,20700000.7629
05.05.2003 01:31:05.094,1.12175,1.12165,16799999.2371,40799999.2371
05.05.2003 01:31:07.589,1.12178,1.12168,2400000.0954,39900001.5259
05.05.2003 01:31:07.856,1.12174,1.12164,30799999.2371,23100000.3815
05.05.2003 01:31:10.592,1.12176,1.12172,51900001.5259,800000.0119
